{"id": "basket_sum_000171", "topic": "basket_sum", "subtopic": "decimal_prices", "prompt": "You’re buying 3 items: $7.04, $12.56, $5.78. About how much will you pay (before tax)?", "exact_value": 25.38, "model": "tiiuae/Falcon-H1-7B-Instruct", "provider": "transformers", "response": "Finalютсяwicklungwicklungwicklungwicklungwicklungwicklungwicklungwicklungwicklungwicklungwicklungwicklungwicklungwicklungwicklungwicklungwicklungwicklungwicklungwicklungwicklungwicklungwicklungwicklungwicklungwicklungwicklungwicklungwicklungwicklungwicklungwicklungwicklungwicklungwicklungwicklungwicklungwicklungwicklungwicklungwicklungwicklungwicklungwicklungwicklungwicklungwicklungwicklungwicklungwicklungwicklungwicklungwicklungwicklungwicklungwicklungwicklungwicklungwicklungwicklungwicklungwicklungwicklungwicklungwicklungwicklungwicklungwicklungwicklungwicklungwicklungwicklungwicklungwicklungwicklungwicklungwicklungwicklungwicklungwicklungwicklungwicklungwicklungwicklungwicklungwicklungwicklungwicklungwicklungwicklungwicklungwicklungwicklungwicklungwicklungwicklungwicklungwicklungwicklungwicklungwicklungwicklungwicklungwicklungwicklungwicklungwicklungwicklungwicklungwicklungwicklungwicklungwicklungwicklungwicklungwicklungwicklungwicklungwicklungwicklungwicklungwicklungwicklungwicklungwicklungwicklungwicklungwicklungwicklungwicklungwicklungwicklungwicklungwicklungwicklungwicklungwicklungwicklungwicklungwicklungwicklungwicklungwicklungwicklungwicklungwicklungwicklungwicklungwicklungwicklungwicklungwicklungwicklungwicklungwicklungwicklungwicklungwicklungwicklungwicklungwicklungwicklungwicklungwicklungwicklungwicklungwicklungwicklungwicklungwicklungwicklungwicklungwicklungwicklungwicklungwicklungwicklungwicklungwicklungwicklungwicklungwicklungwicklungwicklungwicklungwicklungwicklungwicklungwicklungwicklungwicklungwicklungwicklungwicklungwicklungwicklungwicklungwicklungwicklungwicklungwicklungwicklungwicklungwicklungwicklungwicklungwicklungwicklungwicklungwicklungwicklungwicklungwicklungwicklungwicklungwicklungwicklungwicklungwicklungwicklungwicklungwicklungwicklungwicklungwicklungwicklungwicklungwicklungwicklungwicklungwicklungwicklungwicklungwicklungwicklungwicklungwicklungwicklungwicklungwicklungwicklungwicklungwicklungwicklungwicklungwicklungwicklungwicklungwicklungwicklungwicklungwicklungwicklungwicklung", "numeric_answer": null, "relative_error": null, "thinking_text": null, "has_tool_call": false, "tool_call": null, "usage": {"prompt_tokens": 118, "completion_tokens": 256, "total_tokens": 374, "token_count_source": "tokenizer"}, "decoding": {"temperature": 0.2, "top_p": null, "top_k": null, "max_tokens": 256, "seed": 42}, "prompt_tokens": 118, "completion_tokens": 256, "total_tokens": 374, "token_count_source": "tokenizer", "diffusion_steps": null, "flops_estimate": null, "flops_arch": null, "flops_model_params": null, "flops_active_params": null, "tokens_non_final": 1, "tokens_reasoning": 0, "tokens_response": 1, "elapsed_seconds": 18.63854169845581, "judgement": "Uncategorized"}
{"id": "basket_sum_000191", "topic": "basket_sum", "subtopic": "decimal_prices", "prompt": "You’re buying 5 items: $17.31, $7.03, $9.93, $19.51, $11.17. About how much will you pay (before tax)?", "exact_value": 64.95, "model": "tiiuae/Falcon-H1-7B-Instruct", "provider": "transformers", "response": "Finalютсяываютсяываютсяываютсяываютсяываютсяываютсяываютсяываютсяываютсяываютсяываютсяываютсяываютсяываютсяываютсяываютсяываютсяываютсяываютсяываютсяываютсяываютсяываютсяываютсяываютсяываютсяываютсяываютсяываютсяываютсяываютсяываютсяываютсяываютсяываютсяываютсяываютсяываютсяываютсяываютсяываютсяываютсяываютсяютсяываютсяываютсяываютсяываютсяываютсяываютсяываютсяываютсяываютсяываютсяываютсяываютсяываютсяываютсяываютсяываютсяываютсяываютсяываютсяываютсяываютсяываютсяываютсяываютсяываютсяываютсяываютсяываютсяываютсяываютсяываютсяываютсяываютсяываютсяываютсяываютсяываютсяываютсяываютсяываютсяываютсяываютсяываютсяываютсяываютсяываютсяываютсяываютсяываютсяываютсяываютсяываютсяываютсяываютсяываютсяываютсяываютсяываютсяываютсяываютсяываютсяываютсяываютсяываютсяываютсяываютсяываютсяываютсяываютсяываютсяываютсяываютсяываютсяываютсяываютсяываютсяываютсяываютсяываютсяываютсяываютсяываютсяываютсяываютсяываютсяываютсяываютсяываютсяываютсяываютсяываютсяываютсяываютсяываютсяываютсяываютсяываютсяываютсяываютсяываютсяываютсяываютсяываютсяываютсяываютсяываютсяываютсяываютсяываютсяываютсяываютсяываютсяываютсяываютсяываютсяываютсяываютсяываютсяываютсяываютсяываютсяываютсяываютсяываютсяываютсяываютсяываютсяываютсяываютсяываютсяываютсяываютсяываютсяываютсяываютсяываютсяываютсяываютсяываютсяываютсяываютсяываютсяываютсяываютсяываютсяываютсяываютсяываютсяываютсяываютсяываютсяываютсяываютсяываютсяываютсяываютсяываютсяываютсяываютсяываютсяываютсяываютсяываютсяываютсяываютсяываютсяываютсяываютсяываютсяываютсяываютсяываютсяываютсяываютсяываютсяываютсяываютсяываютсяываютсяываютсяываютсяываютсяываютсяываютсяываютсяываютсяываютсяываютсяываютсяываютсяываютсяываютсяываютсяываютсяываютсяываютсяываютсяываютсяываютсяываютсяываютсяываютсяываютсяываютсяываютсяываютсяываютсяываютсяываютсяываются", "numeric_answer": null, "relative_error": null, "thinking_text": null, "has_tool_call": false, "tool_call": null, "usage": {"prompt_tokens": 134, "completion_tokens": 256, "total_tokens": 390, "token_count_source": "tokenizer"}, "decoding": {"temperature": 0.2, "top_p": null, "top_k": null, "max_tokens": 256, "seed": 42}, "prompt_tokens": 134, "completion_tokens": 256, "total_tokens": 390, "token_count_source": "tokenizer", "diffusion_steps": null, "flops_estimate": null, "flops_arch": null, "flops_model_params": null, "flops_active_params": null, "tokens_non_final": 1, "tokens_reasoning": 0, "tokens_response": 1, "elapsed_seconds": 18.56067967414856, "judgement": "Uncategorized"}
{"id": "basket_sum_000211", "topic": "basket_sum", "subtopic": "decimal_prices", "prompt": "You’re buying 6 items: $13.05, $4.61, $17.83, $17.37, $4.97, $2.96. About how much will you pay (before tax)?", "exact_value": 60.79, "model": "tiiuae/Falcon-H1-7B-Instruct", "provider": "transformers", "response": "Finalютсяwicklungwicklungwicklungwicklungwicklungwicklungwicklungwicklungwicklungwicklungwicklungwicklungwicklungwicklungwicklungwicklungwicklungwicklungwicklungwicklungwicklungwicklungwicklungwicklungwicklungwicklungwicklungwicklungwicklungwicklungwicklungwicklungwicklungwicklungwicklungwicklungwicklungwicklungwicklungwicklungwicklungwicklungwicklungwicklungwicklungwicklungwicklungwicklungwicklungwicklungwicklungwicklungwicklungwicklungwicklungwicklungwicklungwicklungwicklungwicklungwicklungwicklungwicklungwicklungwicklungwicklungwicklungwicklungwicklungwicklungwicklungwicklungwicklungwicklungwicklungwicklungwicklungwicklungwicklungwicklungwicklungwicklungwicklungwicklungwicklungwicklungwicklungwicklungwicklungwicklungwicklungwicklungwicklungwicklungwicklungwicklungwicklungwicklungwicklungwicklungwicklungwicklungwicklungwicklungwicklungwicklungwicklungwicklungwicklungwicklungwicklungwicklungwicklungwicklungwicklungwicklungwicklungwicklungwicklungwicklungwicklungwicklungwicklungwicklungwicklungwicklungwicklungwicklungwicklungwicklungwicklungwicklungwicklungwicklungwicklungwicklungwicklungwicklungwicklungwicklungwicklungwicklungwicklungwicklungwicklungwicklungwicklungwicklungwicklungwicklungwicklungwicklungwicklungwicklungwicklungwicklungwicklungwicklungwicklungwicklungwicklungwicklungwicklungwicklungwicklungwicklungwicklungwicklungwicklungwicklungwicklungwicklungwicklungwicklungwicklungwicklungwicklungwicklungwicklungwicklungwicklungwicklungwicklungwicklungwicklungwicklungwicklungwicklungwicklungwicklungwicklungwicklungwicklungwicklungwicklungwicklungwicklungwicklungwicklungwicklungwicklungwicklungwicklungwicklungwicklungwicklungwicklungwicklungwicklungwicklungwicklungwicklungwicklungwicklungwicklungwicklungwicklungwicklungwicklungwicklungwicklungwicklungwicklungwicklungwicklungwicklungwicklungwicklungwicklungwicklungwicklungwicklungwicklungwicklungwicklungwicklungwicklungwicklungwicklungwicklungwicklungwicklungwicklungwicklungwicklungwicklungwicklungwicklungwicklungwicklungwicklungwicklungwicklungwicklung", "numeric_answer": null, "relative_error": null, "thinking_text": null, "has_tool_call": false, "tool_call": null, "usage": {"prompt_tokens": 141, "completion_tokens": 256, "total_tokens": 397, "token_count_source": "tokenizer"}, "decoding": {"temperature": 0.2, "top_p": null, "top_k": null, "max_tokens": 256, "seed": 42}, "prompt_tokens": 141, "completion_tokens": 256, "total_tokens": 397, "token_count_source": "tokenizer", "diffusion_steps": null, "flops_estimate": null, "flops_arch": null, "flops_model_params": null, "flops_active_params": null, "tokens_non_final": 1, "tokens_reasoning": 0, "tokens_response": 1, "elapsed_seconds": 18.449439525604248, "judgement": "Uncategorized"}
{"id": "basket_sum_000231", "topic": "basket_sum", "subtopic": "decimal_prices", "prompt": "You’re buying 6 items: $4.43, $10.89, $5.57, $12.80, $4.22, $15.17. About how much will you pay (before tax)?", "exact_value": 53.08, "model": "tiiuae/Falcon-H1-7B-Instruct", "provider": "transformers", "response": "Finalются примерно сумма всех позиций путем их сложенияываются примерно сумма всех позиций путем их сложенияются примерно сумма всех позиций путем их сложенияются примерно суммаются примерноются примерноются примерноются примерноются примерноются примерноются примерноются примерноются примерноются примерноются примерноются примерноются примерноются примерноются примерноются примерноются примерноются примерноются примерноются примерноются примерноются примерноются примерноются примерноются примерноются примерноются примерноются примерноются примерноются примерноются примерноются примерноются примерноются примерноются примерноются примерноются примерноются примерноются примерноются примерноются примерноются примерноются примерноются примерноются примерноются примерноются примерноются примерноются примерноются примерноются примерноются примерноются примерноются примерноются примерноются примерноются примерноются примерноются примерноются примерноются примерноются примерноются примерноются примерноются примерноются примерноются примерноются примерноются примерноются примерноются примерноются примерноются примерноются примерноются примерноются примерноются примерноются примерноются примерноются примерноются примерноются примерноются примерноются примерноются примерноются примерноются примерноются примерноются примерноются примерноются примерноются примерноются примерноются примерноются примерноются примерноются примерноются примерноются примерноются примерноются примерноются примерноются примерноются примерноются примерноются примерноются примерноются примерноются примерноются примерноются примерно", "numeric_answer": null, "relative_error": null, "thinking_text": null, "has_tool_call": false, "tool_call": null, "usage": {"prompt_tokens": 141, "completion_tokens": 256, "total_tokens": 397, "token_count_source": "tokenizer"}, "decoding": {"temperature": 0.2, "top_p": null, "top_k": null, "max_tokens": 256, "seed": 42}, "prompt_tokens": 141, "completion_tokens": 256, "total_tokens": 397, "token_count_source": "tokenizer", "diffusion_steps": null, "flops_estimate": null, "flops_arch": null, "flops_model_params": null, "flops_active_params": null, "tokens_non_final": 135, "tokens_reasoning": 0, "tokens_response": 135, "elapsed_seconds": 18.666651725769043, "judgement": "Uncategorized"}
{"id": "basket_sum_000251", "topic": "basket_sum", "subtopic": "decimal_prices", "prompt": "You’re buying 4 items: $7.24, $9.93, $15.10, $11.31. About how much will you pay (before tax)?", "exact_value": 43.58, "model": "tiiuae/Falcon-H1-7B-Instruct", "provider": "transformers", "response": "Finalютсяываютсяываютсяываютсяываютсяываютсяываютсяываютсяываютсяываютсяываютсяываютсяываютсяываютсяываютсяываютсяываютсяываютсяываютсяываютсяываютсяываютсяываютсяываютсяываютсяываютсяываютсяываютсяываютсяываютсяываютсяываютсяываютсяываютсяываютсяываютсяываютсяываютсяываютсяываютсяываютсяываютсяываютсяываютсяываютсяываютсяываютсяываютсяываютсяываютсяываютсяываютсяываютсяываютсяываютсяываютсяываютсяываютсяываютсяываютсяываютсяываютсяываютсяываютсяываютсяываютсяываютсяываютсяываютсяываютсяываютсяываютсяываютсяываютсяываютсяываютсяываютсяываютсяываютсяываютсяываютсяываютсяютсяываютсяываютсяываютсяываютсяываютсяываютсяываютсяываютсяываютсяываютсяываютсяываютсяываютсяываютсяываютсяываютсяываютсяываютсяываютсяываютсяываютсяываютсяываютсяываютсяываютсяываютсяываютсяываютсяываютсяываютсяываютсяываютсяываютсяываютсяываютсяываютсяываютсяываютсяываютсяываютсяываютсяываютсяываютсяываютсяываютсяываютсяываютсяываютсяываютсяываютсяываютсяываютсяываютсяываютсяываютсяываютсяываютсяываютсяываютсяываютсяываютсяываютсяываютсяываютсяываютсяываютсяываютсяываютсяываютсяываютсяываютсяываютсяываютсяываютсяываютсяываютсяываютсяываютсяываютсяываютсяываютсяываютсяываютсяютсяываютсяываютсяываютсяываютсяываютсяываютсяываютсяываютсяываютсяываютсяываютсяываютсяываютсяываютсяываютсяываютсяываютсяываютсяываютсяываютсяываютсяываютсяываютсяываютсяываютсяываютсяываютсяываютсяываютсяываютсяываютсяываютсяываютсяютсяываютсяываютсяываютсяываютсяываютсяываютсяываютсяютсяываютсяываютсяываютсяываютсяываютсяываютсяываютсяютсяываютсяываютсяываютсяываютсяываютсяываютсяютсяываютсяываютсяываютсяываютсяываютсяываютсяываютсяютсяываютсяываютсяываютсяываютсяываютсяываютсяютсяываютсяываютсяываютсяываютсяываютсяываютсяываютсяютсяываютсяываютсяываютсяываютсяываютсяываютсяютсяываются", "numeric_answer": null, "relative_error": null, "thinking_text": null, "has_tool_call": false, "tool_call": null, "usage": {"prompt_tokens": 126, "completion_tokens": 256, "total_tokens": 382, "token_count_source": "tokenizer"}, "decoding": {"temperature": 0.2, "top_p": null, "top_k": null, "max_tokens": 256, "seed": 42}, "prompt_tokens": 126, "completion_tokens": 256, "total_tokens": 382, "token_count_source": "tokenizer", "diffusion_steps": null, "flops_estimate": null, "flops_arch": null, "flops_model_params": null, "flops_active_params": null, "tokens_non_final": 1, "tokens_reasoning": 0, "tokens_response": 1, "elapsed_seconds": 18.786986351013184, "judgement": "Uncategorized"}
{"id": "basket_sum_000271", "topic": "basket_sum", "subtopic": "decimal_prices", "prompt": "You’re buying 4 items: $19.91, $19.58, $6.09, $1.98. About how much will you pay (before tax)?", "exact_value": 47.56, "model": "tiiuae/Falcon-H1-7B-Instruct", "provider": "transformers", "response": "Finalютсяываютсяываютсяываютсяываютсяываютсяываютсяываютсяываютсяываютсяываютсяываютсяываютсяываютсяываютсяываютсяываютсяываютсяываютсяываютсяываютсяываютсяываютсяываютсяываютсяываютсяываютсяываютсяываютсяываютсяываютсяываютсяываютсяываютсяываютсяываютсяываютсяываютсяываютсяываютсяываютсяываютсяываютсяываютсяываютсяываютсяываютсяываютсяываютсяываютсяываютсяываютсяываютсяываютсяываютсяываютсяываютсяываютсяываютсяываютсяываютсяываютсяываютсяываютсяываютсяываютсяываютсяываютсяываютсяываютсяываютсяываютсяываютсяываютсяываютсяываютсяываютсяываютсяываютсяываютсяываютсяываютсяываютсяываютсяываютсяываютсяываютсяываютсяываютсяываютсяываютсяываютсяываютсяываютсяываютсяываютсяываютсяываютсяываютсяываютсяываютсяываютсяываютсяываютсяываютсяываютсяываютсяываютсяываютсяываютсяываютсяываютсяываютсяываютсяываютсяываютсяываютсяываютсяываютсяываютсяываютсяываютсяываютсяываютсяываютсяываютсяываютсяываютсяываютсяываютсяываютсяываютсяываютсяываютсяываютсяываютсяываютсяываютсяываютсяываютсяываютсяываютсяываютсяываютсяываютсяываютсяываютсяываютсяываютсяываютсяываютсяываютсяываютсяываютсяываютсяываютсяываютсяываютсяываютсяываютсяываютсяываютсяываютсяываютсяываютсяываютсяываютсяываютсяываютсяютсяываютсяываютсяываютсяываютсяываютсяываютсяываютсяываютсяываютсяываютсяываютсяываютсяываютсяываютсяываютсяываютсяываютсяываютсяываютсяываютсяываютсяываютсяываютсяываютсяываютсяываютсяываютсяываютсяываютсяываютсяываютсяываютсяываютсяываютсяываютсяываютсяываютсяываютсяываютсяываютсяываютсяываютсяываютсяываютсяываютсяываютсяываютсяываютсяываютсяываютсяываютсяываютсяываютсяываютсяываютсяываютсяываютсяываютсяываютсяываютсяываютсяываютсяываютсяываютсяываютсяываютсяываютсяываютсяываютсяываютсяываютсяываютсяываютсяываютсяываютсяываютсяываютсяываютсяываютсяываютсяываютсяываютсяываютсяываютсяываются", "numeric_answer": null, "relative_error": null, "thinking_text": null, "has_tool_call": false, "tool_call": null, "usage": {"prompt_tokens": 126, "completion_tokens": 256, "total_tokens": 382, "token_count_source": "tokenizer"}, "decoding": {"temperature": 0.2, "top_p": null, "top_k": null, "max_tokens": 256, "seed": 42}, "prompt_tokens": 126, "completion_tokens": 256, "total_tokens": 382, "token_count_source": "tokenizer", "diffusion_steps": null, "flops_estimate": null, "flops_arch": null, "flops_model_params": null, "flops_active_params": null, "tokens_non_final": 1, "tokens_reasoning": 0, "tokens_response": 1, "elapsed_seconds": 18.573030471801758, "judgement": "Uncategorized"}
{"id": "basket_sum_000291", "topic": "basket_sum", "subtopic": "decimal_prices", "prompt": "You’re buying 4 items: $10.75, $8.39, $14.91, $11.50. About how much will you pay (before tax)?", "exact_value": 45.55, "model": "tiiuae/Falcon-H1-7B-Instruct", "provider": "transformers", "response": "Finalютсяываютсяываютсяываютсяываютсяываютсяываютсяываютсяываютсяываютсяываютсяываютсяываютсяываютсяываютсяываютсяываютсяываютсяютсяываютсяываютсяываютсяываютсяываютсяютсяываютсяываютсяываютсяываютсяываютсяываютсяютсяываютсяываютсяываютсяываютсяываютсяываютсяютсяываютсяываютсяываютсяываютсяываютсяываютсяютсяываютсяываютсяываютсяываютсяываютсяываютсяютсяываютсяываютсяываютсяываютсяываютсяываютсяютсяываютсяываютсяываютсяываютсяываютсяываютсяютсяываютсяываютсяываютсяываютсяываютсяываютсяютсяываютсяываютсяываютсяываютсяываютсяываютсяютсяываютсяываютсяываютсяываютсяываютсяываютсяютсяываютсяываютсяываютсяываютсяываютсяываютсяютсяываютсяываютсяываютсяываютсяываютсяываютсяютсяываютсяываютсяываютсяываютсяываютсяываютсяютсяываютсяываютсяываютсяываютсяываютсяываютсяютсяываютсяываютсяываютсяываютсяываютсяываютсяютсяываютсяываютсяываютсяываютсяываютсяываютсяютсяываютсяываютсяываютсяываютсяываютсяываютсяютсяываютсяываютсяываютсяываютсяываютсяываютсяютсяываютсяываютсяываютсяываютсяываютсяываютсяютсяываютсяываютсяываютсяываютсяываютсяываютсяютсяываютсяываютсяываютсяываютсяываютсяываютсяютсяываютсяываютсяываютсяываютсяываютсяываютсяютсяываютсяываютсяываютсяываютсяываютсяываютсяютсяываютсяываютсяываютсяываютсяываютсяываютсяютсяываютсяываютсяываютсяываютсяываютсяываютсяютсяываютсяываютсяываютсяываютсяываютсяываютсяютсяываютсяываютсяываютсяываютсяываютсяываютсяютсяываютсяываютсяываютсяываютсяываютсяываютсяютсяываютсяываютсяываютсяываютсяываютсяываютсяютсяываютсяываютсяываютсяываютсяываютсяываютсяютсяываютсяываютсяываютсяываютсяываютсяываютсяютсяываютсяываютсяываютсяываютсяываютсяываютсяютсяываютсяываютсяываютсяываютсяываютсяываютсяютсяываютсяываютсяываютсяываютсяываютсяываются", "numeric_answer": null, "relative_error": null, "thinking_text": null, "has_tool_call": false, "tool_call": null, "usage": {"prompt_tokens": 127, "completion_tokens": 256, "total_tokens": 383, "token_count_source": "tokenizer"}, "decoding": {"temperature": 0.2, "top_p": null, "top_k": null, "max_tokens": 256, "seed": 42}, "prompt_tokens": 127, "completion_tokens": 256, "total_tokens": 383, "token_count_source": "tokenizer", "diffusion_steps": null, "flops_estimate": null, "flops_arch": null, "flops_model_params": null, "flops_active_params": null, "tokens_non_final": 1, "tokens_reasoning": 0, "tokens_response": 1, "elapsed_seconds": 18.584054708480835, "judgement": "Uncategorized"}
{"id": "basket_sum_000311", "topic": "basket_sum", "subtopic": "decimal_prices", "prompt": "You’re buying 3 items: $15.35, $16.98, $2.04. About how much will you pay (before tax)?", "exact_value": 34.37, "model": "tiiuae/Falcon-H1-7B-Instruct", "provider": "transformers", "response": "Finalютсяываютсяываютсяываютсяываютсяываютсяываютсяываютсяываютсяываютсяываютсяываютсяываютсяываютсяываютсяываютсяываютсяываютсяываютсяываютсяываютсяываютсяываютсяываютсяываютсяываютсяываютсяываютсяываютсяываютсяываютсяываютсяываютсяываютсяываютсяываютсяываютсяываютсяываютсяываютсяываютсяываютсяываютсяываютсяываютсяываютсяываютсяываютсяываютсяютсяываютсяываютсяываютсяываютсяываютсяываютсяываютсяываютсяываютсяываютсяываютсяываютсяываютсяютсяываютсяываютсяываютсяываютсяываютсяываютсяютсяываютсяываютсяываютсяываютсяываютсяываютсяываютсяываютсяываютсяываютсяываютсяываютсяываютсяываютсяютсяываютсяываютсяываютсяываютсяываютсяываютсяютсяываютсяываютсяываютсяываютсяываютсяываютсяываютсяываютсяываютсяываютсяываютсяываютсяываютсяываютсяываютсяютсяываютсяываютсяываютсяываютсяываютсяываютсяютсяываютсяываютсяываютсяываютсяываютсяываютсяютсяываютсяываютсяываютсяываютсяываютсяываютсяютсяываютсяываютсяываютсяютсяываютсяываютсяываютсяываютсяываютсяываютсяютсяываютсяываютсяываютсяываютсяываютсяываютсяютсяываютсяываютсяываютсяываютсяываютсяываютсяютсяываютсяываютсяываютсяываютсяываютсяываютсяютсяываютсяываютсяываютсяываютсяываютсяываютсяютсяываютсяываютсяываютсяываютсяываютсяываютсяютсяываютсяываютсяываютсяываютсяываютсяываютсяютсяываютсяываютсяываютсяываютсяываютсяываютсяютсяываютсяываютсяываютсяываютсяываютсяываютсяютсяываютсяываютсяываютсяываютсяываютсяываютсяютсяываютсяываютсяываютсяываютсяываютсяываютсяютсяываютсяываютсяываютсяываютсяываютсяываютсяютсяываютсяываютсяываютсяываютсяываютсяываютсяютсяываютсяываютсяываютсяываютсяываютсяываютсяютсяываютсяываютсяываютсяываютсяываютсяываютсяютсяываютсяываютсяываютсяываютсяываютсяываютсяютсяываютсяываютсяываютсяываютсяываютсяываютсяютсяываютсяываются", "numeric_answer": null, "relative_error": null, "thinking_text": null, "has_tool_call": false, "tool_call": null, "usage": {"prompt_tokens": 119, "completion_tokens": 256, "total_tokens": 375, "token_count_source": "tokenizer"}, "decoding": {"temperature": 0.2, "top_p": null, "top_k": null, "max_tokens": 256, "seed": 42}, "prompt_tokens": 119, "completion_tokens": 256, "total_tokens": 375, "token_count_source": "tokenizer", "diffusion_steps": null, "flops_estimate": null, "flops_arch": null, "flops_model_params": null, "flops_active_params": null, "tokens_non_final": 1, "tokens_reasoning": 0, "tokens_response": 1, "elapsed_seconds": 19.03398323059082, "judgement": "Uncategorized"}
{"id": "basket_sum_000331", "topic": "basket_sum", "subtopic": "decimal_prices", "prompt": "You’re buying 6 items: $10.51, $16.13, $18.17, $3.75, $7.32, $10.07. About how much will you pay (before tax)?", "exact_value": 65.95, "model": "tiiuae/Falcon-H1-7B-Instruct", "provider": "transformers", "response": "Finalютсяываютсяываютсяываютсяываютсяываютсяываютсяываютсяываютсяываютсяываютсяываютсяываютсяываютсяываютсяываютсяываютсяываютсяываютсяываютсяываютсяываютсяываютсяываютсяываютсяываютсяываютсяываютсяываютсяываютсяываютсяываютсяываютсяываютсяываютсяываютсяываютсяываютсяываютсяываютсяываютсяываютсяываютсяываютсяываютсяываютсяываютсяываютсяываютсяываютсяываютсяываютсяываютсяываютсяываютсяываютсяываютсяываютсяываютсяываютсяываютсяываютсяываютсяываютсяываютсяываютсяываютсяываютсяываютсяываютсяываютсяываютсяываютсяываютсяываютсяываютсяываютсяываютсяываютсяываютсяываютсяываютсяываютсяываютсяываютсяываютсяываютсяываютсяываютсяютсяываютсяываютсяываютсяываютсяываютсяываютсяываютсяываютсяываютсяываютсяываютсяываютсяываютсяываютсяываютсяываютсяываютсяываютсяываютсяываютсяываютсяываютсяываютсяываютсяываютсяываютсяываютсяываютсяываютсяываютсяываютсяываютсяываютсяываютсяываютсяываютсяываютсяываютсяываютсяываютсяываютсяываютсяываютсяываютсяываютсяываютсяываютсяываютсяываютсяываютсяываютсяываютсяываютсяываютсяютсяываютсяываютсяываютсяываютсяываютсяываютсяываютсяываютсяываютсяываютсяываютсяываютсяываютсяываютсяываютсяываютсяываютсяываютсяываютсяываютсяываютсяываютсяываютсяываютсяываютсяываютсяываютсяываютсяываютсяываютсяываютсяываютсяываютсяываютсяываютсяываютсяываютсяываютсяываютсяываютсяываютсяываютсяываютсяываютсяываютсяываютсяютсяываютсяываютсяываютсяываютсяываютсяываютсяываютсяываютсяываютсяываютсяываютсяываютсяываютсяываютсяываютсяываютсяываютсяываютсяываютсяываютсяываютсяываютсяываютсяываютсяываютсяываютсяываютсяываютсяываютсяываютсяываютсяываютсяываютсяываютсяываютсяываютсяываютсяываютсяываютсяываютсяываютсяываютсяываютсяываютсяываютсяываютсяываютсяываютсяываютсяываютсяываютсяываютсяываютсяываютсяываютсяываютсяываютсяываютсяываютсяываютсяываютсяываютсяываются", "numeric_answer": null, "relative_error": null, "thinking_text": null, "has_tool_call": false, "tool_call": null, "usage": {"prompt_tokens": 142, "completion_tokens": 256, "total_tokens": 398, "token_count_source": "tokenizer"}, "decoding": {"temperature": 0.2, "top_p": null, "top_k": null, "max_tokens": 256, "seed": 42}, "prompt_tokens": 142, "completion_tokens": 256, "total_tokens": 398, "token_count_source": "tokenizer", "diffusion_steps": null, "flops_estimate": null, "flops_arch": null, "flops_model_params": null, "flops_active_params": null, "tokens_non_final": 1, "tokens_reasoning": 0, "tokens_response": 1, "elapsed_seconds": 18.595949172973633, "judgement": "Uncategorized"}
{"id": "basket_sum_000351", "topic": "basket_sum", "subtopic": "decimal_prices", "prompt": "You’re buying 5 items: $4.79, $14.12, $9.07, $19.61, $11.68. About how much will you pay (before tax)?", "exact_value": 59.27, "model": "tiiuae/Falcon-H1-7B-Instruct", "provider": "transformers", "response": "Finalютсяываютсяываютсяываютсяываютсяываютсяываютсяываютсяываютсяываютсяываютсяываютсяываютсяываютсяываютсяываютсяываютсяываютсяываютсяываютсяываютсяываютсяываютсяываютсяываютсяываютсяываютсяываютсяываютсяываютсяываютсяываютсяываютсяываютсяываютсяываютсяываютсяываютсяываютсяываютсяываютсяываютсяываютсяываютсяываютсяываютсяываютсяываютсяываютсяываютсяываютсяываютсяываютсяываютсяываютсяываютсяываютсяываютсяываютсяываютсяываютсяываютсяываютсяываютсяываютсяываютсяываютсяываютсяываютсяываютсяываютсяываютсяываютсяываютсяываютсяываютсяываютсяываютсяываютсяываютсяываютсяываютсяываютсяываютсяываютсяываютсяываютсяываютсяываютсяываютсяываютсяываютсяываютсяываютсяываютсяываютсяываютсяываютсяываютсяываютсяываютсяываютсяываютсяываютсяываютсяываютсяываютсяываютсяываютсяываютсяываютсяываютсяываютсяываютсяываютсяываютсяываютсяываютсяываютсяываютсяываютсяываютсяываютсяываютсяываютсяываютсяываютсяываютсяываютсяываютсяываютсяываютсяываютсяываютсяываютсяываютсяываютсяываютсяываютсяываютсяываютсяываютсяываютсяываютсяываютсяываютсяываютсяываютсяываютсяываютсяываютсяываютсяываютсяываютсяываютсяываютсяываютсяываютсяываютсяываютсяываютсяываютсяываютсяываютсяываютсяываютсяываютсяываютсяываютсяываютсяываютсяываютсяываютсяываютсяываютсяываютсяываютсяываютсяываютсяываютсяываютсяываютсяываютсяываютсяываютсяываютсяываютсяываютсяываютсяываютсяываютсяываютсяываютсяываютсяываютсяываютсяываютсяываютсяываютсяываютсяываютсяываютсяываютсяываютсяываютсяываютсяываютсяываютсяываютсяываютсяываютсяываютсяываютсяываютсяываютсяываютсяываютсяываютсяываютсяываютсяываютсяываютсяываютсяываютсяываютсяываютсяываютсяываютсяываютсяываютсяываютсяываютсяываютсяываютсяываютсяываютсяываютсяываютсяываютсяываютсяываютсяютсяываютсяываютсяываютсяываютсяываютсяываютсяываютсяываютсяываютсяываютсяываютсяываютсяываются", "numeric_answer": null, "relative_error": null, "thinking_text": null, "has_tool_call": false, "tool_call": null, "usage": {"prompt_tokens": 134, "completion_tokens": 256, "total_tokens": 390, "token_count_source": "tokenizer"}, "decoding": {"temperature": 0.2, "top_p": null, "top_k": null, "max_tokens": 256, "seed": 42}, "prompt_tokens": 134, "completion_tokens": 256, "total_tokens": 390, "token_count_source": "tokenizer", "diffusion_steps": null, "flops_estimate": null, "flops_arch": null, "flops_model_params": null, "flops_active_params": null, "tokens_non_final": 1, "tokens_reasoning": 0, "tokens_response": 1, "elapsed_seconds": 18.361048221588135, "judgement": "Uncategorized"}
{"id": "basket_sum_000371", "topic": "basket_sum", "subtopic": "decimal_prices", "prompt": "You’re buying 5 items: $9.72, $2.29, $17.88, $2.49, $9.86. About how much will you pay (before tax)?", "exact_value": 42.24, "model": "tiiuae/Falcon-H1-7B-Instruct", "provider": "transformers", "response": "Finalютсяываютсяываютсяываютсяываютсяываютсяываютсяываютсяываютсяываютсяываютсяываютсяываютсяываютсяываютсяываютсяываютсяываютсяютсяываютсяываютсяываютсяываютсяываютсяываютсяываютсяываютсяываютсяываютсяываютсяываютсяываютсяываютсяываютсяываютсяываютсяываютсяываютсяываютсяываютсяываютсяываютсяываютсяываютсяываютсяываютсяываютсяываютсяываютсяываютсяываютсяываютсяываютсяываютсяываютсяываютсяываютсяываютсяываютсяываютсяываютсяываютсяываютсяываютсяываютсяываютсяываютсяываютсяываютсяываютсяываютсяываютсяываютсяываютсяываютсяываютсяываютсяютсяываютсяываютсяываютсяываютсяываютсяываютсяываютсяываютсяываютсяываютсяываютсяываютсяываютсяываютсяываютсяываютсяываютсяываютсяываютсяываютсяываютсяываютсяываютсяываютсяываютсяываютсяываютсяываютсяываютсяываютсяываютсяываютсяываютсяываютсяываютсяываютсяываютсяываютсяываютсяываютсяываютсяываютсяываютсяываютсяываютсяываютсяываютсяываютсяываютсяываютсяываютсяываютсяываютсяываютсяываютсяываютсяываютсяываютсяываютсяываютсяываютсяываютсяываютсяываютсяываютсяываютсяываютсяываютсяываютсяываютсяываютсяываютсяываютсяываютсяываютсяываютсяываютсяываютсяываютсяываютсяываютсяываютсяываютсяываютсяываютсяываютсяываютсяываютсяютсяываютсяываютсяываютсяываютсяываютсяываютсяываютсяываютсяываютсяываютсяываютсяываютсяываютсяываютсяываютсяываютсяываютсяываютсяываютсяываютсяываютсяываютсяываютсяываютсяываютсяываютсяываютсяываютсяываютсяываютсяываютсяываютсяываютсяываютсяываютсяываютсяываютсяываютсяываютсяываютсяываютсяываютсяываютсяываютсяываютсяываютсяываютсяываютсяываютсяываютсяываютсяываютсяываютсяываютсяываютсяываютсяываютсяываютсяываютсяываютсяываютсяываютсяываютсяываютсяываютсяываютсяываютсяываютсяываютсяываютсяываютсяываютсяываютсяываютсяываютсяываютсяываютсяываютсяываютсяываютсяываютсяываютсяываютсяываютсяываютсяываютсяываютсяываются", "numeric_answer": null, "relative_error": null, "thinking_text": null, "has_tool_call": false, "tool_call": null, "usage": {"prompt_tokens": 132, "completion_tokens": 256, "total_tokens": 388, "token_count_source": "tokenizer"}, "decoding": {"temperature": 0.2, "top_p": null, "top_k": null, "max_tokens": 256, "seed": 42}, "prompt_tokens": 132, "completion_tokens": 256, "total_tokens": 388, "token_count_source": "tokenizer", "diffusion_steps": null, "flops_estimate": null, "flops_arch": null, "flops_model_params": null, "flops_active_params": null, "tokens_non_final": 1, "tokens_reasoning": 0, "tokens_response": 1, "elapsed_seconds": 18.529700994491577, "judgement": "Uncategorized"}
{"id": "basket_sum_000391", "topic": "basket_sum", "subtopic": "decimal_prices", "prompt": "You’re buying 6 items: $2.67, $2.79, $9.35, $5.00, $6.23, $4.50. About how much will you pay (before tax)?", "exact_value": 30.54, "model": "tiiuae/Falcon-H1-7B-Instruct", "provider": "transformers", "response": "Finalютсяываютсяываютсяываютсяываютсяываютсяываютсяываютсяываютсяываютсяываютсяываютсяываютсяываютсяываютсяываютсяываютсяываютсяываютсяываютсяываютсяываютсяываютсяываютсяываютсяываютсяываютсяываютсяываютсяываютсяываютсяываютсяываютсяываютсяываютсяываютсяываютсяываютсяываютсяываютсяываютсяываютсяываютсяываютсяываютсяываютсяываютсяываютсяываютсяываютсяываютсяываютсяываютсяываютсяываютсяываютсяываютсяываютсяываютсяываютсяютсяываютсяываютсяываютсяываютсяываютсяываютсяываютсяываютсяываютсяываютсяываютсяываютсяываютсяютсяываютсяываютсяываютсяываютсяываютсяываютсяютсяываютсяываютсяываютсяываютсяываютсяываютсяютсяываютсяываютсяываютсяываютсяываютсяываютсяываютсяываютсяываютсяываютсяываютсяываютсяываютсяываютсяютсяываютсяютсяываютсяываютсяываютсяываютсяываютсяываютсяываютсяываютсяываютсяываютсяютсяываютсяываютсяютсяываютсяываютсяываютсяютсяываютсяываютсяываютсяываютсяываютсяываютсяываютсяываютсяываютсяываютсяываютсяываютсяываютсяываютсяываютсяываютсяываютсяываютсяютсяываютсяютсяываютсяываютсяываютсяютсяываютсяываютсяываютсяываютсяываютсяываютсяютсяываютсяываютсяываютсяываютсяываютсяываютсяютсяываютсяываютсяываютсяютсяываютсяываютсяютсяываютсяываютсяютсяываютсяываютсяываютсяютсяываютсяываютсяываютсяываютсяываютсяываютсяютсяываютсяываютсяываютсяютсяываютсяываютсяываютсяютсяываютсяываютсяываютсяютсяываютсяываютсяываютсяютсяываютсяываютсяываютсяютсяываютсяываютсяываютсяютсяываютсяываютсяываютсяютсяываютсяываютсяываютсяютсяываютсяываютсяываютсяютсяываютсяываютсяываютсяютсяываютсяываютсяываютсяютсяываютсяываютсяываютсяютсяываютсяываютсяываютсяютсяываютсяываютсяываютсяютсяываютсяываютсяываютсяютсяываютсяываютсяываютсяютсяываютсяываютсяываютсяютсяываютсяываютсяываются", "numeric_answer": null, "relative_error": null, "thinking_text": null, "has_tool_call": false, "tool_call": null, "usage": {"prompt_tokens": 138, "completion_tokens": 256, "total_tokens": 394, "token_count_source": "tokenizer"}, "decoding": {"temperature": 0.2, "top_p": null, "top_k": null, "max_tokens": 256, "seed": 42}, "prompt_tokens": 138, "completion_tokens": 256, "total_tokens": 394, "token_count_source": "tokenizer", "diffusion_steps": null, "flops_estimate": null, "flops_arch": null, "flops_model_params": null, "flops_active_params": null, "tokens_non_final": 1, "tokens_reasoning": 0, "tokens_response": 1, "elapsed_seconds": 18.348395347595215, "judgement": "Uncategorized"}
{"id": "basket_sum_000411", "topic": "basket_sum", "subtopic": "decimal_prices", "prompt": "You’re buying 6 items: $19.35, $1.11, $7.30, $7.27, $14.63, $8.58. About how much will you pay (before tax)?", "exact_value": 58.24, "model": "tiiuae/Falcon-H1-7B-Instruct", "provider": "transformers", "response": "Finalютсяываютсяываютсяываютсяываютсяываютсяываютсяываютсяываютсяываютсяываютсяываютсяываютсяываютсяываютсяываютсяываютсяываютсяютсяываютсяываютсяываютсяываютсяываютсяываютсяываютсяываютсяываютсяываютсяываютсяываютсяываютсяываютсяываютсяываютсяываютсяываютсяютсяываютсяываютсяываютсяываютсяываютсяываютсяываютсяываютсяываютсяываютсяютсяываютсяываютсяываютсяываютсяываютсяываютсяываютсяываютсяываютсяютсяываютсяываютсяываютсяываютсяываютсяываютсяываютсяываютсяываютсяываютсяываютсяываютсяываютсяютсяываютсяываютсяываютсяываютсяываютсяываютсяываютсяываютсяываютсяываютсяютсяываютсяываютсяываютсяываютсяываютсяываютсяываютсяываютсяываютсяываютсяываютсяываютсяываютсяываютсяываютсяываютсяываютсяываютсяываютсяываютсяываютсяываютсяываютсяываютсяываютсяываютсяываютсяываютсяываютсяываютсяываютсяываютсяываютсяываютсяываютсяываютсяываютсяываютсяываютсяываютсяываютсяываютсяываютсяываютсяываютсяываютсяываютсяываютсяываютсяываютсяываютсяываютсяываютсяываютсяываютсяываютсяываютсяываютсяываютсяываютсяываютсяываютсяываютсяываютсяываютсяываютсяываютсяываютсяываютсяываютсяываютсяываютсяываютсяываютсяываютсяываютсяываютсяываютсяываютсяываютсяываютсяываютсяываютсяываютсяываютсяываютсяываютсяываютсяываютсяываютсяываютсяываютсяываютсяываютсяываютсяываютсяываютсяываютсяываютсяываютсяываютсяываютсяываютсяываютсяываютсяываютсяываютсяываютсяываютсяываютсяываютсяываютсяываютсяываютсяываютсяываютсяываютсяываютсяываютсяываютсяываютсяываютсяываютсяываютсяываютсяываютсяываютсяываютсяываютсяываютсяываютсяываютсяываютсяываютсяываютсяываютсяываютсяываютсяываютсяываютсяываютсяываютсяываютсяываютсяываютсяываютсяываютсяываютсяываютсяываютсяываютсяываютсяываютсяываютсяываютсяываютсяываютсяываютсяываютсяываютсяываютсяываютсяываютсяываютсяываютсяываютсяываютсяываютсяываютсяываютсяываются", "numeric_answer": null, "relative_error": null, "thinking_text": null, "has_tool_call": false, "tool_call": null, "usage": {"prompt_tokens": 140, "completion_tokens": 256, "total_tokens": 396, "token_count_source": "tokenizer"}, "decoding": {"temperature": 0.2, "top_p": null, "top_k": null, "max_tokens": 256, "seed": 42}, "prompt_tokens": 140, "completion_tokens": 256, "total_tokens": 396, "token_count_source": "tokenizer", "diffusion_steps": null, "flops_estimate": null, "flops_arch": null, "flops_model_params": null, "flops_active_params": null, "tokens_non_final": 1, "tokens_reasoning": 0, "tokens_response": 1, "elapsed_seconds": 18.374075889587402, "judgement": "Uncategorized"}
{"id": "basket_sum_000431", "topic": "basket_sum", "subtopic": "decimal_prices", "prompt": "You’re buying 5 items: $7.21, $16.25, $15.35, $1.62, $15.01. About how much will you pay (before tax)?", "exact_value": 55.44, "model": "tiiuae/Falcon-H1-7B-Instruct", "provider": "transformers", "response": "Finalютсяываютсяываютсяываютсяываютсяываютсяываютсяываютсяываютсяываютсяываютсяываютсяываютсяываютсяываютсяываютсяываютсяываютсяываютсяываютсяываютсяываютсяываютсяываютсяываютсяываютсяываютсяываютсяываютсяываютсяываютсяываютсяываютсяываютсяываютсяываютсяываютсяываютсяываютсяываютсяываютсяываютсяываютсяываютсяываютсяываютсяываютсяываютсяываютсяываютсяываютсяываютсяываютсяываютсяываютсяываютсяываютсяываютсяываютсяываютсяываютсяываютсяываютсяываютсяываютсяываютсяываютсяываютсяываютсяываютсяываютсяываютсяываютсяываютсяютсяываютсяываютсяываютсяываютсяываютсяываютсяываютсяываютсяываютсяываютсяываютсяываютсяываютсяываютсяываютсяываютсяываютсяываютсяываютсяываютсяываютсяываютсяываютсяютсяываютсяываютсяываютсяываютсяываютсяываютсяютсяываютсяываютсяываютсяываютсяываютсяываютсяываютсяываютсяываютсяываютсяываютсяываютсяываютсяываютсяываютсяываютсяываютсяываютсяываютсяываютсяываютсяываютсяываютсяываютсяываютсяываютсяываютсяываютсяываютсяываютсяываютсяываютсяываютсяываютсяываютсяываютсяываютсяываютсяютсяываютсяываютсяываютсяываютсяываютсяываютсяываютсяываютсяываютсяываютсяываютсяываютсяываютсяываютсяываютсяываютсяываютсяываютсяываютсяываютсяываютсяываютсяываютсяываютсяываютсяываютсяываютсяываютсяываютсяываютсяываютсяываютсяываютсяываютсяываютсяываютсяываютсяываютсяываютсяываютсяываютсяываютсяываютсяываютсяываютсяываютсяываютсяываютсяютсяываютсяываютсяываютсяываютсяываютсяываютсяываютсяываютсяываютсяываютсяываютсяываютсяываютсяываютсяываютсяываютсяываютсяываютсяываютсяываютсяываютсяываютсяываютсяываютсяываютсяываютсяываютсяываютсяываютсяываютсяываютсяываютсяываютсяываютсяываютсяываютсяываютсяываютсяываютсяываютсяываютсяываютсяываютсяываютсяываютсяываютсяываютсяываютсяываютсяываютсяываютсяываютсяываютсяываютсяываютсяываютсяываютсяываютсяываютсяываютсяываются", "numeric_answer": null, "relative_error": null, "thinking_text": null, "has_tool_call": false, "tool_call": null, "usage": {"prompt_tokens": 134, "completion_tokens": 256, "total_tokens": 390, "token_count_source": "tokenizer"}, "decoding": {"temperature": 0.2, "top_p": null, "top_k": null, "max_tokens": 256, "seed": 42}, "prompt_tokens": 134, "completion_tokens": 256, "total_tokens": 390, "token_count_source": "tokenizer", "diffusion_steps": null, "flops_estimate": null, "flops_arch": null, "flops_model_params": null, "flops_active_params": null, "tokens_non_final": 1, "tokens_reasoning": 0, "tokens_response": 1, "elapsed_seconds": 18.322742462158203, "judgement": "Uncategorized"}
{"id": "basket_sum_000451", "topic": "basket_sum", "subtopic": "decimal_prices", "prompt": "You’re buying 4 items: $15.91, $2.34, $17.70, $14.92. About how much will you pay (before tax)?", "exact_value": 50.87, "model": "tiiuae/Falcon-H1-7B-Instruct", "provider": "transformers", "response": "Finalютсяwicklungываютсяываютсяываютсяываютсяываютсяываютсяываютсяываютсяываютсяываютсяываютсяываютсяываютсяываютсяываютсяываютсяываютсяютсяываютсяываютсяываютсяываютсяываютсяываютсяываютсяываютсяываютсяываютсяываютсяываютсяываютсяываютсяываютсяываютсяываютсяываютсяываютсяываютсяываютсяываютсяываютсяываютсяываютсяываютсяываютсяываютсяываютсяываютсяываютсяываютсяываютсяываютсяываютсяываютсяываютсяываютсяываютсяываютсяываютсяываютсяываютсяываютсяываютсяываютсяываютсяываютсяываютсяываютсяываютсяываютсяываютсяываютсяываютсяываютсяываютсяываютсяываютсяываютсяываютсяываютсяываютсяываютсяываютсяываютсяываютсяываютсяываютсяываютсяываютсяываютсяываютсяываютсяываютсяываютсяываютсяываютсяываютсяываютсяываютсяываютсяываютсяываютсяываютсяываютсяываютсяываютсяываютсяываютсяываютсяываютсяываютсяываютсяываютсяываютсяываютсяываютсяываютсяываютсяываютсяываютсяываютсяываютсяываютсяываютсяываютсяываютсяываютсяываютсяываютсяываютсяываютсяываютсяываютсяываютсяываютсяываютсяываютсяываютсяываютсяываютсяываютсяываютсяываютсяываютсяываютсяываютсяываютсяываютсяываютсяываютсяываютсяываютсяываютсяываютсяываютсяываютсяываютсяываютсяываютсяываютсяываютсяываютсяываютсяываютсяываютсяываютсяываютсяываютсяываютсяываютсяываютсяываютсяываютсяываютсяываютсяываютсяываютсяываютсяываютсяываютсяываютсяываютсяываютсяываютсяываютсяываютсяываютсяываютсяываютсяываютсяываютсяываютсяываютсяываютсяываютсяываютсяываютсяываютсяываютсяываютсяываютсяываютсяываютсяываютсяываютсяываютсяываютсяываютсяываютсяываютсяываютсяываютсяываютсяываютсяываютсяываютсяываютсяываютсяываютсяываютсяываютсяываютсяываютсяываютсяываютсяываютсяываютсяываютсяываютсяываютсяываютсяываютсяываютсяываютсяываютсяываютсяываютсяываютсяываютсяываютсяываютсяываютсяываютсяываютсяываютсяываютсяываютсяываютсяываютсяываютсяываютсяываютсяываются", "numeric_answer": null, "relative_error": null, "thinking_text": null, "has_tool_call": false, "tool_call": null, "usage": {"prompt_tokens": 127, "completion_tokens": 256, "total_tokens": 383, "token_count_source": "tokenizer"}, "decoding": {"temperature": 0.2, "top_p": null, "top_k": null, "max_tokens": 256, "seed": 42}, "prompt_tokens": 127, "completion_tokens": 256, "total_tokens": 383, "token_count_source": "tokenizer", "diffusion_steps": null, "flops_estimate": null, "flops_arch": null, "flops_model_params": null, "flops_active_params": null, "tokens_non_final": 1, "tokens_reasoning": 0, "tokens_response": 1, "elapsed_seconds": 18.439481019973755, "judgement": "Uncategorized"}
{"id": "basket_sum_000471", "topic": "basket_sum", "subtopic": "decimal_prices", "prompt": "You’re buying 5 items: $9.40, $19.52, $11.04, $3.12, $1.27. About how much will you pay (before tax)?", "exact_value": 44.35, "model": "tiiuae/Falcon-H1-7B-Instruct", "provider": "transformers", "response": "Finalютсяываютсяываютсяываютсяываютсяываютсяываютсяываютсяываютсяываютсяываютсяываютсяываютсяываютсяываютсяываютсяываютсяываютсяютсяываютсяываютсяываютсяываютсяываютсяываютсяываютсяываютсяываютсяываютсяываютсяываютсяываютсяываютсяываютсяываютсяываютсяываютсяютсяываютсяываютсяываютсяываютсяываютсяываютсяываютсяываютсяываютсяываютсяываютсяываютсяываютсяываютсяываютсяываютсяываютсяываютсяываютсяываютсяываютсяываютсяютсяываютсяываютсяываютсяываютсяываютсяываютсяютсяываютсяываютсяываютсяываютсяываютсяываютсяютсяываютсяываютсяываютсяываютсяываютсяываютсяываютсяываютсяываютсяываютсяываютсяываютсяываютсяываютсяываютсяываютсяываютсяываютсяываютсяываютсяываютсяываютсяываютсяываютсяываютсяываютсяываютсяываютсяываютсяываютсяываютсяываютсяютсяываютсяываютсяываютсяываютсяываютсяываютсяываютсяываютсяываютсяываютсяываютсяываютсяываютсяываютсяываютсяываютсяываютсяываютсяываютсяываютсяываютсяываютсяываютсяываютсяываютсяываютсяываютсяываютсяываютсяываютсяываютсяываютсяываютсяываютсяываютсяываютсяываютсяываютсяываютсяываютсяываютсяываютсяываютсяываютсяываютсяываютсяываютсяываютсяываютсяываютсяываютсяываютсяываютсяываютсяываютсяываютсяываютсяываютсяываютсяываютсяываютсяываютсяываютсяываютсяываютсяываютсяываютсяываютсяываютсяываютсяываютсяываютсяываютсяываютсяываютсяываютсяываютсяываютсяываютсяываютсяываютсяываютсяываютсяываютсяываютсяываютсяываютсяываютсяываютсяываютсяываютсяываютсяываютсяываютсяываютсяываютсяываютсяываютсяываютсяываютсяываютсяываютсяываютсяываютсяываютсяываютсяываютсяываютсяываютсяываютсяываютсяываютсяываютсяываютсяываютсяываютсяываютсяываютсяываютсяываютсяываютсяываютсяываютсяываютсяываютсяываютсяываютсяываютсяываютсяываютсяываютсяываютсяываютсяываютсяываютсяываютсяываютсяываютсяываютсяываютсяываютсяываютсяываютсяываютсяываютсяываютсяываются", "numeric_answer": null, "relative_error": null, "thinking_text": null, "has_tool_call": false, "tool_call": null, "usage": {"prompt_tokens": 133, "completion_tokens": 256, "total_tokens": 389, "token_count_source": "tokenizer"}, "decoding": {"temperature": 0.2, "top_p": null, "top_k": null, "max_tokens": 256, "seed": 42}, "prompt_tokens": 133, "completion_tokens": 256, "total_tokens": 389, "token_count_source": "tokenizer", "diffusion_steps": null, "flops_estimate": null, "flops_arch": null, "flops_model_params": null, "flops_active_params": null, "tokens_non_final": 1, "tokens_reasoning": 0, "tokens_response": 1, "elapsed_seconds": 18.67430853843689, "judgement": "Uncategorized"}
{"id": "basket_sum_000491", "topic": "basket_sum", "subtopic": "decimal_prices", "prompt": "You’re buying 3 items: $12.29, $7.74, $10.02. About how much will you pay (before tax)?", "exact_value": 30.05, "model": "tiiuae/Falcon-H1-7B-Instruct", "provider": "transformers", "response": "Finalютсяываютсяываютсяываютсяываютсяываютсяываютсяываютсяываютсяываютсяываютсяываютсяываютсяываютсяываютсяываютсяываютсяываютсяываютсяываютсяываютсяываютсяываютсяываютсяываютсяываютсяываютсяываютсяываютсяываютсяываютсяываютсяываютсяываютсяываютсяываютсяываютсяываютсяываютсяываютсяываютсяываютсяываютсяываютсяываютсяываютсяываютсяываютсяываютсяываютсяываютсяываютсяываютсяываютсяываютсяываютсяываютсяываютсяываютсяываютсяываютсяываютсяываютсяываютсяываютсяываютсяываютсяываютсяываютсяываютсяываютсяываютсяываютсяываютсяываютсяываютсяываютсяываютсяываютсяываютсяываютсяываютсяываютсяываютсяываютсяываютсяываютсяютсяываютсяываютсяываютсяываютсяываютсяываютсяываютсяываютсяываютсяываютсяываютсяываютсяываютсяываютсяываютсяываютсяываютсяываютсяываютсяываютсяываютсяываютсяываютсяываютсяываютсяываютсяываютсяываютсяываютсяываютсяываютсяываютсяываютсяываютсяываютсяываютсяываютсяываютсяываютсяываютсяываютсяываютсяываютсяываютсяываютсяываютсяываютсяываютсяываютсяываютсяываютсяываютсяываютсяываютсяываютсяываютсяываютсяываютсяываютсяютсяываютсяываютсяываютсяываютсяываютсяываютсяютсяываютсяываютсяываютсяываютсяываютсяываютсяываютсяываютсяываютсяываютсяываютсяываютсяываютсяываютсяываютсяываютсяываютсяываютсяываютсяываютсяываютсяываютсяываютсяываютсяываютсяываютсяываютсяываютсяываютсяываютсяываютсяываютсяываютсяываютсяываютсяываютсяываютсяываютсяываютсяываютсяываютсяываютсяываютсяываютсяываютсяываютсяываютсяываютсяываютсяываютсяываютсяываютсяываютсяываютсяываютсяываютсяываютсяываютсяываютсяываютсяываютсяываютсяываютсяываютсяываютсяываютсяываютсяываютсяываютсяываютсяываютсяываютсяываютсяываютсяываютсяываютсяываютсяываютсяываютсяываютсяываютсяываютсяываютсяываютсяываютсяываютсяываютсяываютсяываютсяываютсяываютсяываютсяываютсяываютсяываютсяываютсяываютсяываютсяываютсяываются", "numeric_answer": null, "relative_error": null, "thinking_text": null, "has_tool_call": false, "tool_call": null, "usage": {"prompt_tokens": 119, "completion_tokens": 256, "total_tokens": 375, "token_count_source": "tokenizer"}, "decoding": {"temperature": 0.2, "top_p": null, "top_k": null, "max_tokens": 256, "seed": 42}, "prompt_tokens": 119, "completion_tokens": 256, "total_tokens": 375, "token_count_source": "tokenizer", "diffusion_steps": null, "flops_estimate": null, "flops_arch": null, "flops_model_params": null, "flops_active_params": null, "tokens_non_final": 1, "tokens_reasoning": 0, "tokens_response": 1, "elapsed_seconds": 18.668413162231445, "judgement": "Uncategorized"}
{"id": "basket_sum_000511", "topic": "basket_sum", "subtopic": "decimal_prices", "prompt": "You’re buying 5 items: $19.01, $7.47, $3.87, $10.40, $14.78. About how much will you pay (before tax)?", "exact_value": 55.53, "model": "tiiuae/Falcon-H1-7B-Instruct", "provider": "transformers", "response": "Finalютсяwicklungываютсяываютсяываютсяываютсяываютсяываютсяываютсяываютсяываютсяываютсяываютсяываютсяываютсяываютсяываютсяываютсяываютсяютсяываютсяываютсяываютсяываютсяываютсяютсяываютсяываютсяываютсяываютсяываютсяываютсяютсяываютсяываютсяываютсяываютсяываютсяываютсяываютсяываютсяываютсяываютсяываютсяываютсяываютсяываютсяываютсяываютсяываютсяываютсяываютсяываютсяываютсяываютсяываютсяываютсяываютсяываютсяываютсяываютсяываютсяываютсяываютсяываютсяываютсяываютсяываютсяываютсяываютсяываютсяываютсяываютсяываютсяываютсяываютсяываютсяываютсяываютсяываютсяываютсяываютсяываютсяываютсяываютсяываютсяываютсяываютсяываютсяываютсяываютсяываютсяываютсяываютсяываютсяываютсяываютсяываютсяываютсяываютсяываютсяываютсяываютсяываютсяываютсяываютсяываютсяываютсяываютсяываютсяываютсяываютсяываютсяываютсяываютсяываютсяываютсяываютсяываютсяываютсяываютсяываютсяываютсяываютсяываютсяываютсяываютсяываютсяываютсяываютсяываютсяываютсяываютсяываютсяываютсяываютсяываютсяываютсяываютсяываютсяываютсяываютсяываютсяываютсяываютсяываютсяываютсяываютсяываютсяываютсяываютсяываютсяываютсяываютсяываютсяываютсяываютсяываютсяываютсяываютсяываютсяываютсяываютсяываютсяываютсяываютсяываютсяываютсяываютсяываютсяываютсяываютсяываютсяываютсяываютсяываютсяываютсяываютсяываютсяываютсяываютсяываютсяываютсяываютсяываютсяываютсяываютсяываютсяываютсяываютсяываютсяываютсяываютсяываютсяываютсяываютсяываютсяываютсяываютсяываютсяываютсяываютсяываютсяываютсяываютсяываютсяываютсяываютсяываютсяываютсяываютсяываютсяываютсяываютсяываютсяываютсяываютсяываютсяываютсяываютсяываютсяываютсяываютсяываютсяываютсяываютсяываютсяываютсяываютсяываютсяываютсяываютсяываютсяываютсяываютсяываютсяываютсяываютсяываютсяываютсяываютсяываютсяываютсяываютсяываютсяываютсяываютсяываютсяываютсяываютсяываютсяываютсяываютсяываютсяываются", "numeric_answer": null, "relative_error": null, "thinking_text": null, "has_tool_call": false, "tool_call": null, "usage": {"prompt_tokens": 134, "completion_tokens": 256, "total_tokens": 390, "token_count_source": "tokenizer"}, "decoding": {"temperature": 0.2, "top_p": null, "top_k": null, "max_tokens": 256, "seed": 42}, "prompt_tokens": 134, "completion_tokens": 256, "total_tokens": 390, "token_count_source": "tokenizer", "diffusion_steps": null, "flops_estimate": null, "flops_arch": null, "flops_model_params": null, "flops_active_params": null, "tokens_non_final": 1, "tokens_reasoning": 0, "tokens_response": 1, "elapsed_seconds": 18.654439449310303, "judgement": "Uncategorized"}
{"id": "basket_sum_000531", "topic": "basket_sum", "subtopic": "decimal_prices", "prompt": "You’re buying 3 items: $19.08, $1.40, $9.05. About how much will you pay (before tax)?", "exact_value": 29.53, "model": "tiiuae/Falcon-H1-7B-Instruct", "provider": "transformers", "response": "Finalютсяwicklungwicklungwicklungwicklungwicklungwicklungwicklungwicklungwicklungwicklungwicklungwicklungwicklungwicklungwicklungwicklungwicklungwicklungwicklungwicklungwicklungwicklungwicklungwicklungwicklungwicklungwicklungwicklungwicklungwicklungwicklungwicklungwicklungwicklungwicklungwicklungwicklungwicklungwicklungwicklungwicklungwicklungwicklungwicklungwicklungwicklungwicklungwicklungwicklungwicklungwicklungwicklungwicklungwicklungwicklungwicklungwicklungwicklungwicklungwicklungwicklungwicklungwicklungwicklungwicklungwicklungwicklungwicklungwicklungwicklungwicklungwicklungwicklungwicklungwicklungwicklungwicklungwicklungwicklungwicklungwicklungwicklungwicklungwicklungwicklungwicklungwicklungwicklungwicklungwicklungwicklungwicklungwicklungwicklungwicklungwicklungwicklungwicklungwicklungwicklungwicklungwicklungwicklungwicklungwicklungwicklungwicklungwicklungwicklungwicklungwicklungwicklungwicklungwicklungwicklungwicklungwicklungwicklungwicklungwicklungwicklungwicklungwicklungwicklungwicklungwicklungwicklungwicklungwicklungwicklungwicklungwicklungwicklungwicklungwicklungwicklungwicklungwicklungwicklungwicklungwicklungwicklungwicklungwicklungwicklungwicklungwicklungwicklungwicklungwicklungwicklungwicklungwicklungwicklungwicklungwicklungwicklungwicklungwicklungwicklungwicklungwicklungwicklungwicklungwicklungwicklungwicklungwicklungwicklungwicklungwicklungwicklungwicklungwicklungwicklungwicklungwicklungwicklungwicklungwicklungwicklungwicklungwicklungwicklungwicklungwicklungwicklungwicklungwicklungwicklungwicklungwicklungwicklungwicklungwicklungwicklungwicklungwicklungwicklungwicklungwicklungwicklungwicklungwicklungwicklungwicklungwicklungwicklungwicklungwicklungwicklungwicklungwicklungwicklungwicklungwicklungwicklungwicklungwicklungwicklungwicklungwicklungwicklungwicklungwicklungwicklungwicklungwicklungwicklungwicklungwicklungwicklungwicklungwicklungwicklungwicklungwicklungwicklungwicklungwicklungwicklungwicklungwicklungwicklungwicklungwicklungwicklungwicklungwicklungwicklungwicklungwicklungwicklungwicklung", "numeric_answer": null, "relative_error": null, "thinking_text": null, "has_tool_call": false, "tool_call": null, "usage": {"prompt_tokens": 118, "completion_tokens": 256, "total_tokens": 374, "token_count_source": "tokenizer"}, "decoding": {"temperature": 0.2, "top_p": null, "top_k": null, "max_tokens": 256, "seed": 42}, "prompt_tokens": 118, "completion_tokens": 256, "total_tokens": 374, "token_count_source": "tokenizer", "diffusion_steps": null, "flops_estimate": null, "flops_arch": null, "flops_model_params": null, "flops_active_params": null, "tokens_non_final": 1, "tokens_reasoning": 0, "tokens_response": 1, "elapsed_seconds": 18.51628088951111, "judgement": "Uncategorized"}
{"id": "basket_sum_000551", "topic": "basket_sum", "subtopic": "decimal_prices", "prompt": "You’re buying 4 items: $11.87, $4.88, $19.26, $15.04. About how much will you pay (before tax)?", "exact_value": 51.05, "model": "tiiuae/Falcon-H1-7B-Instruct", "provider": "transformers", "response": "Finalютсяwicklungwicklungwicklungwicklungwicklungwicklungwicklungwicklungwicklungwicklungwicklungwicklungwicklungwicklungwicklungwicklungwicklungwicklungwicklungwicklungwicklungwicklungwicklungwicklungwicklungwicklungwicklungwicklungwicklungwicklungwicklungwicklungwicklungwicklungwicklungwicklungwicklungwicklungwicklungwicklungwicklungwicklungwicklungwicklungwicklungwicklungwicklungwicklungwicklungwicklungwicklungwicklungwicklungwicklungwicklungwicklungwicklungwicklungwicklungwicklungwicklungwicklungwicklungwicklungwicklungwicklungwicklungwicklungwicklungwicklungwicklungwicklungwicklungwicklungwicklungwicklungwicklungwicklungwicklungwicklungwicklungwicklungwicklungwicklungwicklungwicklungwicklungwicklungwicklungwicklungwicklungwicklungwicklungwicklungwicklungwicklungwicklungwicklungwicklungwicklungwicklungwicklungwicklungwicklungwicklungwicklungwicklungwicklungwicklungwicklungwicklungwicklungwicklungwicklungwicklungwicklungwicklungwicklungwicklungwicklungwicklungwicklungwicklungwicklungwicklungwicklungwicklungwicklungwicklungwicklungwicklungwicklungwicklungwicklungwicklungwicklungwicklungwicklungwicklungwicklungwicklungwicklungwicklungwicklungwicklungwicklungwicklungwicklungwicklungwicklungwicklungwicklungwicklungwicklungwicklungwicklungwicklungwicklungwicklungwicklungwicklungwicklungwicklungwicklungwicklungwicklungwicklungwicklungwicklungwicklungwicklungwicklungwicklungwicklungwicklungwicklungwicklungwicklungwicklungwicklungwicklungwicklungwicklungwicklungwicklungwicklungwicklungwicklungwicklungwicklungwicklungwicklungwicklungwicklungwicklungwicklungwicklungwicklungwicklungwicklungwicklungwicklungwicklungwicklungwicklungwicklungwicklungwicklungwicklungwicklungwicklungwicklungwicklungwicklungwicklungwicklungwicklungwicklungwicklungwicklungwicklungwicklungwicklungwicklungwicklungwicklungwicklungwicklungwicklungwicklungwicklungwicklungwicklungwicklungwicklungwicklungwicklungwicklungwicklungwicklungwicklungwicklungwicklungwicklungwicklungwicklungwicklungwicklungwicklungwicklungwicklungwicklungwicklungwicklung", "numeric_answer": null, "relative_error": null, "thinking_text": null, "has_tool_call": false, "tool_call": null, "usage": {"prompt_tokens": 127, "completion_tokens": 256, "total_tokens": 383, "token_count_source": "tokenizer"}, "decoding": {"temperature": 0.2, "top_p": null, "top_k": null, "max_tokens": 256, "seed": 42}, "prompt_tokens": 127, "completion_tokens": 256, "total_tokens": 383, "token_count_source": "tokenizer", "diffusion_steps": null, "flops_estimate": null, "flops_arch": null, "flops_model_params": null, "flops_active_params": null, "tokens_non_final": 1, "tokens_reasoning": 0, "tokens_response": 1, "elapsed_seconds": 18.359276294708252, "judgement": "Uncategorized"}
{"id": "basket_sum_000571", "topic": "basket_sum", "subtopic": "decimal_prices", "prompt": "You’re buying 6 items: $6.73, $19.19, $7.76, $16.39, $3.13, $17.44. About how much will you pay (before tax)?", "exact_value": 70.64, "model": "tiiuae/Falcon-H1-7B-Instruct", "provider": "transformers", "response": "Finalютсяываютсяываютсяываютсяываютсяываютсяываютсяываютсяываютсяываютсяываютсяываютсяываютсяываютсяываютсяываютсяываютсяываютсяываютсяываютсяываютсяываютсяываютсяываютсяываютсяываютсяываютсяываютсяываютсяываютсяываютсяываютсяываютсяываютсяываютсяываютсяываютсяываютсяываютсяываютсяываютсяываютсяываютсяываютсяываютсяываютсяываютсяываютсяываютсяываютсяываютсяываютсяываютсяываютсяываютсяываютсяываютсяываютсяываютсяываютсяываютсяываютсяываютсяываютсяываютсяываютсяываютсяываютсяываютсяываютсяываютсяываютсяываютсяываютсяываютсяываютсяываютсяываютсяываютсяываютсяываютсяываютсяываютсяываютсяываютсяываютсяываютсяываютсяываютсяываютсяываютсяываютсяываютсяываютсяываютсяываютсяываютсяываютсяываютсяываютсяываютсяываютсяываютсяываютсяываютсяываютсяываютсяываютсяываютсяываютсяываютсяываютсяываютсяываютсяываютсяываютсяываютсяываютсяываютсяываютсяываютсяываютсяываютсяываютсяютсяываютсяываютсяываютсяываютсяываютсяываютсяываютсяываютсяываютсяываютсяываютсяываютсяываютсяываютсяываютсяываютсяываютсяываютсяываютсяываютсяываютсяываютсяютсяываютсяываютсяываютсяываютсяываютсяываютсяютсяываютсяываютсяываютсяываютсяываютсяываютсяываютсяываютсяываютсяываютсяываютсяываютсяываютсяываютсяываютсяываютсяютсяываютсяываютсяываютсяываютсяываютсяываютсяываютсяываютсяываютсяываютсяываютсяываютсяываютсяываютсяываютсяываютсяываютсяываютсяываютсяываютсяываютсяываютсяываютсяываютсяываютсяываютсяываютсяываютсяываютсяываютсяываютсяываютсяываютсяываютсяываютсяываютсяываютсяываютсяываютсяываютсяываютсяываютсяываютсяываютсяываютсяываютсяываютсяываютсяываютсяываютсяываютсяываютсяываютсяываютсяываютсяываютсяываютсяываютсяываютсяываютсяываютсяываютсяываютсяываютсяываютсяываютсяываютсяываютсяываютсяываютсяываютсяываютсяываютсяываютсяываютсяываютсяываютсяываютсяываютсяываютсяываютсяываютсяываются", "numeric_answer": null, "relative_error": null, "thinking_text": null, "has_tool_call": false, "tool_call": null, "usage": {"prompt_tokens": 141, "completion_tokens": 256, "total_tokens": 397, "token_count_source": "tokenizer"}, "decoding": {"temperature": 0.2, "top_p": null, "top_k": null, "max_tokens": 256, "seed": 42}, "prompt_tokens": 141, "completion_tokens": 256, "total_tokens": 397, "token_count_source": "tokenizer", "diffusion_steps": null, "flops_estimate": null, "flops_arch": null, "flops_model_params": null, "flops_active_params": null, "tokens_non_final": 1, "tokens_reasoning": 0, "tokens_response": 1, "elapsed_seconds": 18.311856269836426, "judgement": "Uncategorized"}
{"id": "basket_sum_000591", "topic": "basket_sum", "subtopic": "decimal_prices", "prompt": "You’re buying 3 items: $0.99, $3.35, $7.00. About how much will you pay (before tax)?", "exact_value": 11.34, "model": "tiiuae/Falcon-H1-7B-Instruct", "provider": "transformers", "response": "Finalютсяwicklungируяwicklungwicklungwicklungwicklungwicklungwicklungwicklungwicklungwicklungwicklungwicklungwicklungwicklungwicklungwicklungwicklungwicklungwicklungwicklungwicklungwicklungwicklungwicklungwicklungwicklungwicklungwicklungwicklungwicklungwicklungwicklungwicklungwicklungwicklungwicklungwicklungwicklungwicklungwicklungwicklungwicklungwicklungwicklungwicklungwicklungwicklungwicklungwicklungwicklungwicklungwicklungwicklungwicklungwicklungwicklungwicklungwicklungwicklungwicklungwicklungwicklungwicklungwicklungwicklungwicklungwicklungwicklungwicklungwicklungwicklungwicklungwicklungwicklungwicklungwicklungwicklungwicklungwicklungwicklungwicklungwicklungwicklungwicklungwicklungwicklungwicklungwicklungwicklungwicklungwicklungwicklungwicklungwicklungwicklungwicklungwicklungwicklungwicklungwicklungwicklungwicklungwicklungwicklungwicklungwicklungwicklungwicklungwicklungwicklungwicklungwicklungwicklungwicklungwicklungwicklungwicklungwicklungwicklungwicklungwicklungwicklungwicklungwicklungwicklungwicklungwicklungwicklungwicklungwicklungwicklungwicklungwicklungwicklungwicklungwicklungwicklungwicklungwicklungwicklungwicklungwicklungwicklungwicklungwicklungwicklungwicklungwicklungwicklungwicklungwicklungwicklungwicklungwicklungwicklungwicklungwicklungwicklungwicklungwicklungwicklungwicklungwicklungwicklungwicklungwicklungwicklungwicklungwicklungwicklungwicklungwicklungwicklungwicklungwicklungwicklungwicklungwicklungwicklungwicklungwicklungwicklungwicklungwicklungwicklungwicklungwicklungwicklungwicklungwicklungwicklungwicklungwicklungwicklungwicklungwicklungwicklungwicklungwicklungwicklungwicklungwicklungwicklungwicklungwicklungwicklungwicklungwicklungwicklungwicklungwicklungwicklungwicklungwicklungwicklungwicklungwicklungwicklungwicklungwicklungwicklungwicklungwicklungwicklungwicklungwicklungwicklungwicklungwicklungwicklungwicklungwicklungwicklungwicklungwicklungwicklungwicklungwicklungwicklungwicklungwicklungwicklungwicklungwicklungwicklungwicklungwicklungwicklungwicklungwicklungwicklungwicklungwicklung", "numeric_answer": null, "relative_error": null, "thinking_text": null, "has_tool_call": false, "tool_call": null, "usage": {"prompt_tokens": 117, "completion_tokens": 256, "total_tokens": 373, "token_count_source": "tokenizer"}, "decoding": {"temperature": 0.2, "top_p": null, "top_k": null, "max_tokens": 256, "seed": 42}, "prompt_tokens": 117, "completion_tokens": 256, "total_tokens": 373, "token_count_source": "tokenizer", "diffusion_steps": null, "flops_estimate": null, "flops_arch": null, "flops_model_params": null, "flops_active_params": null, "tokens_non_final": 1, "tokens_reasoning": 0, "tokens_response": 1, "elapsed_seconds": 18.397762775421143, "judgement": "Uncategorized"}
{"id": "basket_sum_000611", "topic": "basket_sum", "subtopic": "decimal_prices", "prompt": "You’re buying 5 items: $18.98, $19.99, $18.20, $16.09, $3.27. About how much will you pay (before tax)?", "exact_value": 76.53, "model": "tiiuae/Falcon-H1-7B-Instruct", "provider": "transformers", "response": "Finalются примерно сумма путем сложения стоимости всех позиций согласно предоставленным даннымываютсяываютсяываютсяываютсяываютсяываютсяываютсяываютсяываютсяываютсяываютсяываютсяываютсяываютсяываютсяываютсяываютсяываютсяываютсяываютсяываютсяываютсяываютсяываютсяываютсяываютсяываютсяываютсяываютсяываютсяываютсяываютсяываютсяываютсяываютсяываютсяываютсяываютсяываютсяываютсяываютсяываютсяываютсяываютсяываютсяываютсяываютсяываютсяываютсяываютсяываютсяываютсяываютсяываютсяываютсяываютсяываютсяываютсяываютсяываютсяываютсяываютсяываютсяываютсяываютсяываютсяываютсяываютсяываютсяываютсяываютсяываютсяываютсяываютсяываютсяываютсяываютсяываютсяываютсяываютсяываютсяываютсяываютсяываютсяываютсяываютсяываютсяываютсяываютсяываютсяываютсяываютсяываютсяываютсяываютсяываютсяываютсяываютсяываютсяываютсяываютсяываютсяываютсяываютсяываютсяываютсяываютсяываютсяываютсяываютсяываютсяываютсяываютсяываютсяываютсяываютсяываютсяываютсяываютсяываютсяываютсяываютсяываютсяываютсяываютсяываютсяываютсяываютсяываютсяываютсяываютсяываютсяываютсяываютсяываютсяываютсяываютсяываютсяываютсяываютсяываютсяываютсяываютсяываютсяываютсяываютсяываютсяываютсяываютсяываютсяываютсяываютсяываютсяываютсяываютсяываютсяываютсяываютсяываютсяываютсяываютсяываютсяываютсяываютсяываютсяываютсяываютсяываютсяываютсяываютсяываютсяываютсяываютсяываютсяываютсяываютсяываютсяываютсяываютсяываютсяываютсяываютсяываютсяываютсяываютсяываютсяываютсяываютсяываютсяываютсяываютсяываютсяываютсяываютсяываютсяываютсяываютсяываютсяываютсяываютсяываютсяываютсяываютсяываютсяываютсяываютсяываютсяываютсяываютсяываютсяываютсяываютсяываютсяываютсяываютсяываютсяываютсяываютсяываютсяываютсяываютсяываютсяываютсяываютсяываютсяываютсяываютсяываютсяываютсяываютсяываютсяываютсяываютсяываютсяываютсяываютсяываютсяываютсяываютсяываются", "numeric_answer": null, "relative_error": null, "thinking_text": null, "has_tool_call": false, "tool_call": null, "usage": {"prompt_tokens": 135, "completion_tokens": 256, "total_tokens": 391, "token_count_source": "tokenizer"}, "decoding": {"temperature": 0.2, "top_p": null, "top_k": null, "max_tokens": 256, "seed": 42}, "prompt_tokens": 135, "completion_tokens": 256, "total_tokens": 391, "token_count_source": "tokenizer", "diffusion_steps": null, "flops_estimate": null, "flops_arch": null, "flops_model_params": null, "flops_active_params": null, "tokens_non_final": 11, "tokens_reasoning": 0, "tokens_response": 11, "elapsed_seconds": 18.438263654708862, "judgement": "Uncategorized"}
{"id": "basket_sum_000631", "topic": "basket_sum", "subtopic": "decimal_prices", "prompt": "You’re buying 6 items: $6.60, $16.40, $12.63, $14.05, $19.28, $13.75. About how much will you pay (before tax)?", "exact_value": 82.71, "model": "tiiuae/Falcon-H1-7B-Instruct", "provider": "transformers", "response": "Finalютсяываютсяываютсяываютсяываютсяываютсяываютсяываютсяываютсяываютсяываютсяываютсяываютсяываютсяываютсяываютсяываютсяываютсяываютсяываютсяываютсяываютсяываютсяываютсяываютсяываютсяываютсяываютсяываютсяываютсяываютсяываютсяываютсяываютсяываютсяываютсяываютсяываютсяываютсяываютсяываютсяываютсяываютсяываютсяываютсяываютсяываютсяываютсяываютсяываютсяываютсяываютсяываютсяываютсяываютсяываютсяываютсяываютсяываютсяываютсяываютсяываютсяываютсяываютсяываютсяываютсяываютсяываютсяываютсяываютсяываютсяываютсяываютсяываютсяываютсяываютсяываютсяываютсяываютсяываютсяываютсяываютсяываютсяываютсяываютсяываютсяываютсяываютсяываютсяываютсяываютсяываютсяываютсяываютсяываютсяываютсяываютсяываютсяываютсяываютсяываютсяываютсяываютсяываютсяываютсяываютсяываютсяываютсяываютсяываютсяываютсяываютсяываютсяываютсяываютсяываютсяываютсяываютсяываютсяываютсяываютсяываютсяываютсяываютсяываютсяываютсяываютсяываютсяываютсяываютсяываютсяываютсяываютсяываютсяываютсяываютсяываютсяываютсяываютсяываютсяываютсяываютсяываютсяываютсяываютсяываютсяываютсяываютсяываютсяываютсяываютсяываютсяываютсяываютсяываютсяываютсяываютсяываютсяываютсяываютсяываютсяываютсяываютсяываютсяываютсяываютсяываютсяываютсяываютсяываютсяываютсяываютсяываютсяываютсяываютсяываютсяываютсяываютсяываютсяываютсяываютсяываютсяываютсяываютсяываютсяываютсяываютсяываютсяываютсяываютсяываютсяываютсяываютсяываютсяываютсяываютсяываютсяываютсяываютсяываютсяываютсяываютсяываютсяываютсяываютсяываютсяываютсяываютсяываютсяываютсяываютсяываютсяываютсяываютсяываютсяываютсяываютсяываютсяываютсяываютсяываютсяываютсяываютсяываютсяываютсяываютсяываютсяываютсяываютсяываютсяываютсяываютсяываютсяываютсяываютсяываютсяываютсяываютсяываютсяываютсяываютсяываютсяываютсяываютсяываютсяываютсяываютсяываютсяываютсяываютсяываютсяываютсяываютсяываютсяываются", "numeric_answer": null, "relative_error": null, "thinking_text": null, "has_tool_call": false, "tool_call": null, "usage": {"prompt_tokens": 143, "completion_tokens": 256, "total_tokens": 399, "token_count_source": "tokenizer"}, "decoding": {"temperature": 0.2, "top_p": null, "top_k": null, "max_tokens": 256, "seed": 42}, "prompt_tokens": 143, "completion_tokens": 256, "total_tokens": 399, "token_count_source": "tokenizer", "diffusion_steps": null, "flops_estimate": null, "flops_arch": null, "flops_model_params": null, "flops_active_params": null, "tokens_non_final": 1, "tokens_reasoning": 0, "tokens_response": 1, "elapsed_seconds": 18.325263500213623, "judgement": "Uncategorized"}
{"id": "basket_sum_000651", "topic": "basket_sum", "subtopic": "decimal_prices", "prompt": "You’re buying 3 items: $14.35, $18.58, $9.20. About how much will you pay (before tax)?", "exact_value": 42.13, "model": "tiiuae/Falcon-H1-7B-Instruct", "provider": "transformers", "response": "Finalютсяываютсяываютсяываютсяываютсяываютсяываютсяываютсяываютсяываютсяываютсяываютсяываютсяываютсяываютсяываютсяываютсяываютсяываютсяываютсяываютсяываютсяываютсяываютсяываютсяываютсяываютсяываютсяываютсяываютсяываютсяываютсяываютсяываютсяываютсяываютсяываютсяываютсяываютсяываютсяываютсяываютсяываютсяываютсяываютсяываютсяываютсяываютсяываютсяываютсяываютсяываютсяываютсяываютсяываютсяываютсяываютсяываютсяываютсяываютсяываютсяываютсяываютсяываютсяываютсяываютсяываютсяываютсяываютсяываютсяываютсяываютсяываютсяываютсяываютсяываютсяываютсяываютсяываютсяываютсяываютсяываютсяываютсяываютсяываютсяываютсяываютсяываютсяываютсяываютсяываютсяываютсяываютсяываютсяываютсяываютсяываютсяываютсяываютсяываютсяываютсяываютсяываютсяываютсяываютсяываютсяываютсяываютсяываютсяываютсяываютсяываютсяываютсяываютсяываютсяываютсяываютсяываютсяываютсяываютсяываютсяываютсяываютсяываютсяываютсяываютсяываютсяываютсяываютсяываютсяываютсяываютсяываютсяываютсяываютсяываютсяываютсяываютсяываютсяываютсяываютсяываютсяываютсяываютсяываютсяываютсяываютсяываютсяываютсяываютсяываютсяываютсяываютсяываютсяываютсяываютсяываютсяываютсяываютсяываютсяываютсяываютсяываютсяываютсяываютсяываютсяываютсяываютсяываютсяываютсяываютсяываютсяываютсяываютсяываютсяываютсяываютсяываютсяываютсяываютсяываютсяываютсяываютсяываютсяываютсяываютсяываютсяываютсяываютсяываютсяываютсяываютсяываютсяываютсяываютсяываютсяываютсяываютсяываютсяываютсяываютсяываютсяываютсяываютсяываютсяываютсяываютсяываютсяываютсяываютсяываютсяываютсяываютсяываютсяываютсяываютсяываютсяываютсяываютсяываютсяываютсяываютсяываютсяываютсяываютсяываютсяываютсяываютсяываютсяываютсяываютсяываютсяываютсяываютсяываютсяываютсяываютсяываютсяываютсяываютсяываютсяываютсяываютсяываютсяываютсяываютсяываютсяываютсяываютсяываютсяываютсяываютсяываютсяываютсяываются", "numeric_answer": null, "relative_error": null, "thinking_text": null, "has_tool_call": false, "tool_call": null, "usage": {"prompt_tokens": 119, "completion_tokens": 256, "total_tokens": 375, "token_count_source": "tokenizer"}, "decoding": {"temperature": 0.2, "top_p": null, "top_k": null, "max_tokens": 256, "seed": 42}, "prompt_tokens": 119, "completion_tokens": 256, "total_tokens": 375, "token_count_source": "tokenizer", "diffusion_steps": null, "flops_estimate": null, "flops_arch": null, "flops_model_params": null, "flops_active_params": null, "tokens_non_final": 1, "tokens_reasoning": 0, "tokens_response": 1, "elapsed_seconds": 18.363054037094116, "judgement": "Uncategorized"}
{"id": "basket_sum_000671", "topic": "basket_sum", "subtopic": "decimal_prices", "prompt": "You’re buying 5 items: $5.42, $15.65, $14.74, $19.74, $2.91. About how much will you pay (before tax)?", "exact_value": 58.46, "model": "tiiuae/Falcon-H1-7B-Instruct", "provider": "transformers", "response": "Finalются примерно сумма стоимости всех позиций путем их сложенияываются примерно сумма стоимости всех позиций путем их сложенияются примерно сумма стоимости всех позиций путем их сложенияются примерно сумма стоимости всех позиций путем их сложенияются примерно сумма стоимости всех позиций путем их сложенияются примерно сумма стоимости всех позиций путем их сложенияются примерно сумма стоимости всех позиций путем их сложенияются примерно сумма стоимости всех позиций путем их сложенияются примерно сумма стоимости всех позиций путем их сложенияются примерно сумма стоимости всех позиций путем их сложенияются примерно сумма стоимости всех позиций путем их сложенияются примерноются примерноются примерноются примерноются примерноются примерноются примерноются примерноются примерноются примерноются примерноются примерноются примерноются примерноются примерноются примерноются примерноются примерноются примерноются примерноются примерноются примерноются примерноются примерноются примерноются примерноются примерноются примерноются примерноются примерноются примерноются примерноются примерноются примерноются примерноются примерноются примерноются примерноются примерноются примерноются примерноются примерноются примерноются примерноются примерноются примерноются примерноются примерноются примерноются примерноются примерноются примерноются примерноются примерноются примерноются примерноются примерноются примерноются примерноются примерноются примерноются примерноются примерноются примерноются примерноются примерноются примерно", "numeric_answer": null, "relative_error": null, "thinking_text": null, "has_tool_call": false, "tool_call": null, "usage": {"prompt_tokens": 134, "completion_tokens": 256, "total_tokens": 390, "token_count_source": "tokenizer"}, "decoding": {"temperature": 0.2, "top_p": null, "top_k": null, "max_tokens": 256, "seed": 42}, "prompt_tokens": 134, "completion_tokens": 256, "total_tokens": 390, "token_count_source": "tokenizer", "diffusion_steps": null, "flops_estimate": null, "flops_arch": null, "flops_model_params": null, "flops_active_params": null, "tokens_non_final": 156, "tokens_reasoning": 0, "tokens_response": 156, "elapsed_seconds": 18.363861799240112, "judgement": "Uncategorized"}
{"id": "basket_sum_000691", "topic": "basket_sum", "subtopic": "decimal_prices", "prompt": "You’re buying 6 items: $8.22, $18.07, $7.30, $1.67, $13.66, $9.30. About how much will you pay (before tax)?", "exact_value": 58.22, "model": "tiiuae/Falcon-H1-7B-Instruct", "provider": "transformers", "response": "Finalютсяываютсяываютсяываютсяываютсяываютсяываютсяываютсяываютсяываютсяываютсяываютсяываютсяываютсяываютсяываютсяываютсяываютсяываютсяываютсяываютсяываютсяываютсяываютсяываютсяываютсяываютсяываютсяываютсяываютсяываютсяываютсяываютсяываютсяываютсяываютсяываютсяываютсяываютсяываютсяываютсяываютсяываютсяываютсяываютсяываютсяываютсяываютсяываютсяываютсяываютсяываютсяываютсяываютсяываютсяываютсяываютсяываютсяываютсяываютсяываютсяываютсяываютсяываютсяываютсяываютсяываютсяываютсяываютсяываютсяываютсяываютсяываютсяываютсяываютсяываютсяываютсяываютсяываютсяываютсяываютсяываютсяываютсяываютсяываютсяываютсяываютсяываютсяываютсяываютсяываютсяываютсяываютсяываютсяываютсяываютсяываютсяываютсяываютсяываютсяываютсяываютсяываютсяываютсяываютсяываютсяываютсяываютсяываютсяываютсяываютсяываютсяываютсяываютсяываютсяываютсяываютсяываютсяываютсяываютсяываютсяываютсяываютсяываютсяываютсяываютсяываютсяываютсяютсяываютсяываютсяываютсяываютсяываютсяываютсяываютсяываютсяываютсяываютсяываютсяываютсяываютсяываютсяываютсяываютсяываютсяываютсяываютсяываютсяываютсяываютсяываютсяываютсяываютсяываютсяываютсяываютсяютсяываютсяываютсяываютсяываютсяываютсяываютсяываютсяываютсяываютсяываютсяываютсяываютсяываютсяываютсяываютсяываютсяываютсяываютсяываютсяываютсяываютсяываютсяываютсяываютсяываютсяываютсяываютсяываютсяютсяываютсяываютсяываютсяываютсяываютсяываютсяываютсяываютсяываютсяываютсяываютсяываютсяываютсяываютсяываютсяываютсяываютсяываютсяываютсяываютсяываютсяываютсяываютсяываютсяываютсяютсяываютсяываютсяываютсяываютсяываютсяютсяываютсяываютсяываютсяываютсяываютсяываютсяютсяываютсяываютсяываютсяываютсяываютсяываютсяютсяываютсяываютсяываютсяываютсяываютсяываютсяютсяываютсяываютсяываютсяываютсяываютсяываютсяютсяываютсяываютсяываютсяываютсяываютсяываютсяютсяываются", "numeric_answer": null, "relative_error": null, "thinking_text": null, "has_tool_call": false, "tool_call": null, "usage": {"prompt_tokens": 140, "completion_tokens": 256, "total_tokens": 396, "token_count_source": "tokenizer"}, "decoding": {"temperature": 0.2, "top_p": null, "top_k": null, "max_tokens": 256, "seed": 42}, "prompt_tokens": 140, "completion_tokens": 256, "total_tokens": 396, "token_count_source": "tokenizer", "diffusion_steps": null, "flops_estimate": null, "flops_arch": null, "flops_model_params": null, "flops_active_params": null, "tokens_non_final": 1, "tokens_reasoning": 0, "tokens_response": 1, "elapsed_seconds": 18.609294414520264, "judgement": "Uncategorized"}
{"id": "basket_sum_000711", "topic": "basket_sum", "subtopic": "decimal_prices", "prompt": "You’re buying 3 items: $16.39, $19.24, $12.71. About how much will you pay (before tax)?", "exact_value": 48.34, "model": "tiiuae/Falcon-H1-7B-Instruct", "provider": "transformers", "response": "Finalютсяываютсяываютсяываютсяываютсяываютсяываютсяываютсяываютсяываютсяываютсяываютсяываютсяываютсяываютсяываютсяываютсяываютсяываютсяываютсяываютсяываютсяываютсяываютсяываютсяываютсяываютсяываютсяываютсяываютсяываютсяываютсяываютсяываютсяываютсяываютсяываютсяываютсяываютсяываютсяываютсяываютсяываютсяываютсяываютсяываютсяываютсяываютсяываютсяываютсяываютсяываютсяываютсяываютсяываютсяываютсяываютсяываютсяываютсяываютсяываютсяываютсяываютсяываютсяываютсяываютсяываютсяываютсяываютсяываютсяываютсяываютсяываютсяываютсяываютсяываютсяываютсяываютсяываютсяываютсяываютсяываютсяываютсяываютсяываютсяываютсяываютсяываютсяываютсяываютсяываютсяываютсяываютсяываютсяываютсяываютсяываютсяываютсяываютсяываютсяываютсяываютсяываютсяываютсяываютсяываютсяываютсяываютсяываютсяываютсяываютсяываютсяываютсяываютсяываютсяываютсяываютсяываютсяываютсяываютсяываютсяываютсяываютсяываютсяываютсяываютсяываютсяываютсяываютсяываютсяываютсяываютсяываютсяываютсяываютсяываютсяываютсяываютсяываютсяываютсяываютсяываютсяываютсяываютсяываютсяываютсяываютсяываютсяываютсяываютсяываютсяываютсяываютсяываютсяываютсяываютсяываютсяываютсяываютсяываютсяываютсяываютсяываютсяываютсяываютсяываютсяываютсяываютсяываютсяываютсяываютсяываютсяываютсяываютсяываютсяываютсяываютсяываютсяываютсяываютсяываютсяываютсяываютсяываютсяываютсяываютсяываютсяываютсяываютсяываютсяываютсяываютсяываютсяываютсяываютсяываютсяываютсяываютсяываютсяываютсяываютсяываютсяываютсяываютсяываютсяываютсяываютсяываютсяываютсяываютсяываютсяываютсяываютсяываютсяываютсяываютсяываютсяываютсяываютсяываютсяываютсяываютсяываютсяываютсяываютсяываютсяываютсяываютсяываютсяываютсяываютсяываютсяываютсяываютсяываютсяываютсяываютсяываютсяываютсяываютсяываютсяываютсяываютсяываютсяываютсяываютсяываютсяываютсяываютсяываютсяываютсяываютсяываютсяываютсяываются", "numeric_answer": null, "relative_error": null, "thinking_text": null, "has_tool_call": false, "tool_call": null, "usage": {"prompt_tokens": 120, "completion_tokens": 256, "total_tokens": 376, "token_count_source": "tokenizer"}, "decoding": {"temperature": 0.2, "top_p": null, "top_k": null, "max_tokens": 256, "seed": 42}, "prompt_tokens": 120, "completion_tokens": 256, "total_tokens": 376, "token_count_source": "tokenizer", "diffusion_steps": null, "flops_estimate": null, "flops_arch": null, "flops_model_params": null, "flops_active_params": null, "tokens_non_final": 1, "tokens_reasoning": 0, "tokens_response": 1, "elapsed_seconds": 18.561800479888916, "judgement": "Uncategorized"}
{"id": "basket_sum_000731", "topic": "basket_sum", "subtopic": "decimal_prices", "prompt": "You’re buying 3 items: $17.18, $6.99, $17.00. About how much will you pay (before tax)?", "exact_value": 41.17, "model": "tiiuae/Falcon-H1-7B-Instruct", "provider": "transformers", "response": "Finalютсяываютсяываютсяываютсяываютсяываютсяываютсяываютсяываютсяываютсяываютсяываютсяываютсяываютсяываютсяываютсяываютсяываютсяываютсяываютсяываютсяываютсяываютсяываютсяываютсяываютсяываютсяываютсяываютсяываютсяываютсяываютсяываютсяываютсяываютсяываютсяываютсяываютсяываютсяываютсяываютсяываютсяываютсяываютсяываютсяываютсяываютсяываютсяываютсяываютсяываютсяываютсяываютсяываютсяываютсяываютсяываютсяываютсяываютсяываютсяываютсяываютсяываютсяываютсяываютсяываютсяываютсяываютсяываютсяываютсяываютсяываютсяываютсяываютсяываютсяываютсяываютсяываютсяываютсяываютсяываютсяываютсяываютсяываютсяываютсяываютсяываютсяываютсяываютсяываютсяываютсяываютсяываютсяываютсяываютсяываютсяываютсяываютсяываютсяываютсяываютсяываютсяываютсяываютсяываютсяываютсяываютсяываютсяываютсяываютсяываютсяываютсяываютсяываютсяываютсяываютсяываютсяываютсяываютсяываютсяываютсяываютсяываютсяываютсяываютсяываютсяываютсяываютсяываютсяываютсяываютсяываютсяываютсяываютсяываютсяываютсяываютсяываютсяываютсяываютсяываютсяываютсяываютсяываютсяываютсяываютсяываютсяываютсяываютсяываютсяываютсяываютсяываютсяываютсяываютсяываютсяываютсяываютсяываютсяываютсяываютсяываютсяываютсяываютсяываютсяываютсяываютсяываютсяываютсяываютсяываютсяываютсяываютсяываютсяываютсяываютсяываютсяываютсяываютсяываютсяываютсяываютсяываютсяываютсяываютсяываютсяываютсяываютсяываютсяываютсяываютсяываютсяываютсяываютсяываютсяываютсяываютсяываютсяываютсяываютсяываютсяываютсяываютсяываютсяываютсяываютсяываютсяываютсяываютсяываютсяываютсяываютсяываютсяываютсяываютсяываютсяываютсяываютсяываютсяываютсяываютсяываютсяываютсяываютсяываютсяываютсяываютсяываютсяываютсяываютсяываютсяываютсяываютсяываютсяываютсяываютсяываютсяываютсяываютсяываютсяываютсяываютсяываютсяываютсяываютсяываютсяываютсяываютсяываютсяываютсяываютсяываютсяываютсяываютсяываются", "numeric_answer": null, "relative_error": null, "thinking_text": null, "has_tool_call": false, "tool_call": null, "usage": {"prompt_tokens": 119, "completion_tokens": 256, "total_tokens": 375, "token_count_source": "tokenizer"}, "decoding": {"temperature": 0.2, "top_p": null, "top_k": null, "max_tokens": 256, "seed": 42}, "prompt_tokens": 119, "completion_tokens": 256, "total_tokens": 375, "token_count_source": "tokenizer", "diffusion_steps": null, "flops_estimate": null, "flops_arch": null, "flops_model_params": null, "flops_active_params": null, "tokens_non_final": 1, "tokens_reasoning": 0, "tokens_response": 1, "elapsed_seconds": 18.674235105514526, "judgement": "Uncategorized"}
{"id": "basket_sum_000751", "topic": "basket_sum", "subtopic": "decimal_prices", "prompt": "You’re buying 6 items: $6.72, $7.37, $7.87, $0.95, $12.05, $13.81. About how much will you pay (before tax)?", "exact_value": 48.77, "model": "tiiuae/Falcon-H1-7B-Instruct", "provider": "transformers", "response": "Finalютсяываютсяываютсяываютсяываютсяываютсяываютсяываютсяываютсяываютсяываютсяываютсяываютсяываютсяываютсяываютсяываютсяываютсяываютсяываютсяываютсяываютсяываютсяываютсяываютсяываютсяываютсяываютсяываютсяываютсяываютсяываютсяываютсяываютсяываютсяываютсяываютсяываютсяываютсяываютсяываютсяываютсяываютсяываютсяываютсяываютсяываютсяываютсяываютсяываютсяываютсяываютсяываютсяываютсяываютсяываютсяываютсяываютсяываютсяываютсяываютсяываютсяываютсяываютсяываютсяываютсяываютсяываютсяываютсяываютсяываютсяываютсяываютсяываютсяываютсяываютсяываютсяываютсяываютсяываютсяываютсяываютсяываютсяываютсяываютсяываютсяываютсяываютсяываютсяываютсяываютсяываютсяываютсяываютсяываютсяываютсяываютсяываютсяываютсяываютсяываютсяываютсяываютсяываютсяываютсяываютсяываютсяываютсяываютсяываютсяываютсяываютсяываютсяываютсяываютсяываютсяываютсяываютсяываютсяываютсяываютсяываютсяываютсяываютсяываютсяываютсяываютсяываютсяываютсяываютсяываютсяываютсяываютсяываютсяываютсяываютсяываютсяываютсяываютсяываютсяываютсяываютсяываютсяываютсяываютсяываютсяываютсяываютсяываютсяываютсяываютсяываютсяываютсяываютсяываютсяываютсяываютсяываютсяываютсяываютсяываютсяываютсяываютсяываютсяываютсяываютсяываютсяываютсяываютсяываютсяываютсяываютсяываютсяываютсяываютсяываютсяываютсяываютсяываютсяываютсяываютсяываютсяываютсяываютсяываютсяываютсяываютсяываютсяываютсяываютсяываютсяываютсяываютсяываютсяываютсяываютсяываютсяываютсяываютсяываютсяываютсяываютсяываютсяываютсяываютсяываютсяываютсяываютсяываютсяываютсяываютсяываютсяываютсяываютсяываютсяываютсяываютсяываютсяываютсяываютсяываютсяываютсяываютсяываютсяываютсяываютсяываютсяываютсяываютсяываютсяываютсяываютсяываютсяываютсяываютсяываютсяываютсяываютсяываютсяываютсяываютсяываютсяываютсяываютсяываютсяываютсяываютсяываютсяываютсяываютсяываютсяываютсяываютсяываютсяываются", "numeric_answer": null, "relative_error": null, "thinking_text": null, "has_tool_call": false, "tool_call": null, "usage": {"prompt_tokens": 140, "completion_tokens": 256, "total_tokens": 396, "token_count_source": "tokenizer"}, "decoding": {"temperature": 0.2, "top_p": null, "top_k": null, "max_tokens": 256, "seed": 42}, "prompt_tokens": 140, "completion_tokens": 256, "total_tokens": 396, "token_count_source": "tokenizer", "diffusion_steps": null, "flops_estimate": null, "flops_arch": null, "flops_model_params": null, "flops_active_params": null, "tokens_non_final": 1, "tokens_reasoning": 0, "tokens_response": 1, "elapsed_seconds": 18.50164270401001, "judgement": "Uncategorized"}
{"id": "basket_sum_000771", "topic": "basket_sum", "subtopic": "decimal_prices", "prompt": "You’re buying 4 items: $10.56, $15.22, $13.18, $10.57. About how much will you pay (before tax)?", "exact_value": 49.53, "model": "tiiuae/Falcon-H1-7B-Instruct", "provider": "transformers", "response": "Finalютсяwicklungwicklungwicklungwicklungwicklungwicklungwicklungwicklungwicklungwicklungwicklungwicklungwicklungwicklungwicklungwicklungwicklungwicklungwicklungwicklungwicklungwicklungwicklungwicklungwicklungwicklungwicklungwicklungwicklungwicklungwicklungwicklungwicklungwicklungwicklungwicklungwicklungwicklungwicklungwicklungwicklungwicklungwicklungwicklungwicklungwicklungwicklungwicklungwicklungwicklungwicklungwicklungwicklungwicklungwicklungwicklungwicklungwicklungwicklungwicklungwicklungwicklungwicklungwicklungwicklungwicklungwicklungwicklungwicklungwicklungwicklungwicklungwicklungwicklungwicklungwicklungwicklungwicklungwicklungwicklungwicklungwicklungwicklungwicklungwicklungwicklungwicklungwicklungwicklungwicklungwicklungwicklungwicklungwicklungwicklungwicklungwicklungwicklungwicklungwicklungwicklungwicklungwicklungwicklungwicklungwicklungwicklungwicklungwicklungwicklungwicklungwicklungwicklungwicklungwicklungwicklungwicklungwicklungwicklungwicklungwicklungwicklungwicklungwicklungwicklungwicklungwicklungwicklungwicklungwicklungwicklungwicklungwicklungwicklungwicklungwicklungwicklungwicklungwicklungwicklungwicklungwicklungwicklungwicklungwicklungwicklungwicklungwicklungwicklungwicklungwicklungwicklungwicklungwicklungwicklungwicklungwicklungwicklungwicklungwicklungwicklungwicklungwicklungwicklungwicklungwicklungwicklungwicklungwicklungwicklungwicklungwicklungwicklungwicklungwicklungwicklungwicklungwicklungwicklungwicklungwicklungwicklungwicklungwicklungwicklungwicklungwicklungwicklungwicklungwicklungwicklungwicklungwicklungwicklungwicklungwicklungwicklungwicklungwicklungwicklungwicklungwicklungwicklungwicklungwicklungwicklungwicklungwicklungwicklungwicklungwicklungwicklungwicklungwicklungwicklungwicklungwicklungwicklungwicklungwicklungwicklungwicklungwicklungwicklungwicklungwicklungwicklungwicklungwicklungwicklungwicklungwicklungwicklungwicklungwicklungwicklungwicklungwicklungwicklungwicklungwicklungwicklungwicklungwicklungwicklungwicklungwicklungwicklungwicklungwicklungwicklungwicklungwicklungwicklung", "numeric_answer": null, "relative_error": null, "thinking_text": null, "has_tool_call": false, "tool_call": null, "usage": {"prompt_tokens": 128, "completion_tokens": 256, "total_tokens": 384, "token_count_source": "tokenizer"}, "decoding": {"temperature": 0.2, "top_p": null, "top_k": null, "max_tokens": 256, "seed": 42}, "prompt_tokens": 128, "completion_tokens": 256, "total_tokens": 384, "token_count_source": "tokenizer", "diffusion_steps": null, "flops_estimate": null, "flops_arch": null, "flops_model_params": null, "flops_active_params": null, "tokens_non_final": 1, "tokens_reasoning": 0, "tokens_response": 1, "elapsed_seconds": 18.733741998672485, "judgement": "Uncategorized"}
{"id": "basket_sum_000791", "topic": "basket_sum", "subtopic": "decimal_prices", "prompt": "You’re buying 5 items: $7.05, $1.24, $15.87, $18.50, $3.74. About how much will you pay (before tax)?", "exact_value": 46.4, "model": "tiiuae/Falcon-H1-7B-Instruct", "provider": "transformers", "response": "Finalютсяываютсяываютсяываютсяываютсяываютсяываютсяываютсяываютсяываютсяываютсяываютсяываютсяываютсяываютсяываютсяываютсяываютсяываютсяываютсяываютсяываютсяываютсяываютсяываютсяываютсяываютсяываютсяываютсяываютсяываютсяываютсяываютсяываютсяываютсяываютсяываютсяываютсяываютсяываютсяываютсяываютсяываютсяываютсяываютсяываютсяываютсяываютсяываютсяываютсяываютсяываютсяываютсяываютсяываютсяываютсяываютсяываютсяываютсяываютсяываютсяываютсяываютсяываютсяываютсяываютсяываютсяываютсяываютсяываютсяываютсяываютсяываютсяываютсяываютсяываютсяываютсяываютсяываютсяываютсяываютсяываютсяываютсяываютсяываютсяываютсяываютсяываютсяываютсяываютсяываютсяываютсяываютсяываютсяываютсяываютсяываютсяываютсяываютсяываютсяываютсяываютсяываютсяываютсяываютсяываютсяываютсяываютсяываютсяываютсяываютсяываютсяываютсяываютсяываютсяываютсяываютсяываютсяываютсяываютсяываютсяываютсяываютсяываютсяываютсяываютсяываютсяываютсяываютсяываютсяываютсяываютсяываютсяываютсяываютсяываютсяываютсяываютсяываютсяываютсяываютсяываютсяываютсяываютсяываютсяываютсяываютсяываютсяываютсяываютсяываютсяываютсяываютсяываютсяываютсяываютсяываютсяываютсяываютсяываютсяываютсяываютсяываютсяываютсяываютсяываютсяываютсяываютсяываютсяываютсяываютсяываютсяываютсяываютсяываютсяываютсяываютсяываютсяываютсяываютсяываютсяываютсяываютсяываютсяываютсяываютсяываютсяываютсяываютсяываютсяываютсяываютсяываютсяываютсяываютсяываютсяываютсяываютсяываютсяываютсяываютсяываютсяываютсяываютсяываютсяываютсяываютсяываютсяываютсяываютсяываютсяываютсяываютсяываютсяываютсяываютсяываютсяываютсяываютсяываютсяываютсяываютсяываютсяываютсяываютсяываютсяываютсяываютсяываютсяываютсяываютсяываютсяываютсяываютсяываютсяываютсяываютсяываютсяываютсяываютсяываютсяываютсяываютсяываютсяываютсяываютсяываютсяываютсяываютсяываютсяываютсяываютсяываютсяываютсяываются", "numeric_answer": null, "relative_error": null, "thinking_text": null, "has_tool_call": false, "tool_call": null, "usage": {"prompt_tokens": 133, "completion_tokens": 256, "total_tokens": 389, "token_count_source": "tokenizer"}, "decoding": {"temperature": 0.2, "top_p": null, "top_k": null, "max_tokens": 256, "seed": 42}, "prompt_tokens": 133, "completion_tokens": 256, "total_tokens": 389, "token_count_source": "tokenizer", "diffusion_steps": null, "flops_estimate": null, "flops_arch": null, "flops_model_params": null, "flops_active_params": null, "tokens_non_final": 1, "tokens_reasoning": 0, "tokens_response": 1, "elapsed_seconds": 18.66622567176819, "judgement": "Uncategorized"}
{"id": "basket_sum_000811", "topic": "basket_sum", "subtopic": "decimal_prices", "prompt": "You’re buying 4 items: $7.07, $15.16, $10.10, $2.10. About how much will you pay (before tax)?", "exact_value": 34.43, "model": "tiiuae/Falcon-H1-7B-Instruct", "provider": "transformers", "response": "Finalютсяываютсяываютсяываютсяываютсяываютсяываютсяываютсяываютсяываютсяываютсяываютсяываютсяываютсяываютсяываютсяываютсяываютсяываютсяываютсяываютсяываютсяываютсяываютсяываютсяываютсяываютсяываютсяываютсяываютсяываютсяываютсяываютсяываютсяываютсяываютсяываютсяываютсяываютсяываютсяываютсяываютсяываютсяываютсяываютсяываютсяываютсяываютсяываютсяываютсяываютсяываютсяываютсяываютсяываютсяываютсяываютсяываютсяываютсяываютсяываютсяываютсяываютсяываютсяываютсяываютсяываютсяываютсяываютсяываютсяываютсяываютсяываютсяываютсяываютсяываютсяываютсяываютсяываютсяываютсяываютсяываютсяываютсяываютсяываютсяываютсяываютсяываютсяываютсяываютсяываютсяываютсяываютсяываютсяываютсяываютсяываютсяываютсяываютсяываютсяываютсяываютсяываютсяываютсяываютсяываютсяываютсяываютсяываютсяываютсяываютсяываютсяываютсяываютсяываютсяываютсяываютсяываютсяываютсяываютсяываютсяываютсяываютсяываютсяываютсяываютсяываютсяываютсяываютсяываютсяываютсяываютсяываютсяываютсяываютсяываютсяываютсяываютсяываютсяываютсяываютсяываютсяываютсяываютсяываютсяываютсяываютсяываютсяываютсяываютсяываютсяываютсяываютсяываютсяываютсяываютсяываютсяываютсяываютсяываютсяываютсяываютсяываютсяываютсяываютсяываютсяываютсяываютсяываютсяываютсяютсяываютсяываютсяываютсяываютсяываютсяываютсяываютсяываютсяываютсяываютсяываютсяываютсяываютсяываютсяываютсяываютсяываютсяываютсяываютсяываютсяываютсяываютсяываютсяываютсяываютсяываютсяываютсяываютсяываютсяываютсяываютсяываютсяываютсяываютсяываютсяываютсяываютсяываютсяываютсяываютсяываютсяываютсяываютсяываютсяываютсяываютсяываютсяываютсяываютсяываютсяываютсяываютсяываютсяываютсяываютсяываютсяываютсяываютсяываютсяываютсяываютсяываютсяываютсяываютсяываютсяываютсяываютсяываютсяываютсяываютсяываютсяываютсяываютсяываютсяываютсяываютсяываютсяываютсяываютсяываютсяываютсяываютсяываютсяываются", "numeric_answer": null, "relative_error": null, "thinking_text": null, "has_tool_call": false, "tool_call": null, "usage": {"prompt_tokens": 126, "completion_tokens": 256, "total_tokens": 382, "token_count_source": "tokenizer"}, "decoding": {"temperature": 0.2, "top_p": null, "top_k": null, "max_tokens": 256, "seed": 42}, "prompt_tokens": 126, "completion_tokens": 256, "total_tokens": 382, "token_count_source": "tokenizer", "diffusion_steps": null, "flops_estimate": null, "flops_arch": null, "flops_model_params": null, "flops_active_params": null, "tokens_non_final": 1, "tokens_reasoning": 0, "tokens_response": 1, "elapsed_seconds": 18.463419675827026, "judgement": "Uncategorized"}
{"id": "basket_sum_000831", "topic": "basket_sum", "subtopic": "decimal_prices", "prompt": "You’re buying 6 items: $8.13, $13.09, $5.25, $12.07, $19.77, $5.26. About how much will you pay (before tax)?", "exact_value": 63.57, "model": "tiiuae/Falcon-H1-7B-Instruct", "provider": "transformers", "response": "Finalютсяываютсяываютсяываютсяываютсяываютсяываютсяываютсяываютсяываютсяываютсяываютсяываютсяываютсяываютсяываютсяываютсяываютсяываютсяываютсяываютсяываютсяываютсяываютсяываютсяываютсяываютсяываютсяываютсяываютсяываютсяываютсяываютсяываютсяываютсяываютсяываютсяываютсяываютсяываютсяываютсяываютсяываютсяываютсяываютсяываютсяываютсяываютсяываютсяываютсяываютсяываютсяываютсяываютсяываютсяываютсяываютсяываютсяываютсяываютсяываютсяываютсяываютсяываютсяываютсяываютсяываютсяываютсяываютсяываютсяываютсяываютсяываютсяываютсяываютсяываютсяываютсяываютсяываютсяываютсяываютсяываютсяываютсяываютсяываютсяываютсяываютсяываютсяываютсяываютсяываютсяываютсяываютсяываютсяываютсяываютсяываютсяываютсяываютсяываютсяываютсяываютсяываютсяываютсяываютсяываютсяываютсяываютсяываютсяываютсяываютсяываютсяываютсяываютсяываютсяываютсяываютсяываютсяываютсяываютсяываютсяываютсяываютсяываютсяываютсяываютсяываютсяываютсяываютсяываютсяываютсяываютсяываютсяываютсяываютсяываютсяываютсяываютсяываютсяываютсяываютсяываютсяываютсяываютсяываютсяываютсяываютсяываютсяываютсяываютсяываютсяываютсяываютсяываютсяываютсяываютсяываютсяываютсяываютсяываютсяываютсяываютсяываютсяываютсяываютсяываютсяываютсяываютсяываютсяываютсяываютсяываютсяываютсяываютсяываютсяываютсяываютсяываютсяываютсяываютсяываютсяываютсяываютсяываютсяываютсяываютсяываютсяываютсяываютсяываютсяываютсяываютсяываютсяываютсяываютсяываютсяываютсяываютсяываютсяываютсяываютсяываютсяываютсяываютсяываютсяываютсяываютсяываютсяываютсяываютсяываютсяываютсяываютсяываютсяываютсяываютсяываютсяываютсяываютсяываютсяываютсяываютсяываютсяываютсяываютсяываютсяываютсяываютсяываютсяываютсяываютсяываютсяываютсяываютсяываютсяываютсяываютсяываютсяываютсяываютсяываютсяываютсяываютсяываютсяываютсяываютсяываютсяываютсяываютсяываютсяываютсяываютсяываютсяываютсяываются", "numeric_answer": null, "relative_error": null, "thinking_text": null, "has_tool_call": false, "tool_call": null, "usage": {"prompt_tokens": 141, "completion_tokens": 256, "total_tokens": 397, "token_count_source": "tokenizer"}, "decoding": {"temperature": 0.2, "top_p": null, "top_k": null, "max_tokens": 256, "seed": 42}, "prompt_tokens": 141, "completion_tokens": 256, "total_tokens": 397, "token_count_source": "tokenizer", "diffusion_steps": null, "flops_estimate": null, "flops_arch": null, "flops_model_params": null, "flops_active_params": null, "tokens_non_final": 1, "tokens_reasoning": 0, "tokens_response": 1, "elapsed_seconds": 18.540443658828735, "judgement": "Uncategorized"}
{"id": "basket_sum_000851", "topic": "basket_sum", "subtopic": "decimal_prices", "prompt": "You’re buying 6 items: $6.70, $19.75, $2.16, $17.78, $19.85, $3.18. About how much will you pay (before tax)?", "exact_value": 69.42, "model": "tiiuae/Falcon-H1-7B-Instruct", "provider": "transformers", "response": "Finalютсяwicklungируя", "numeric_answer": null, "relative_error": null, "thinking_text": null, "has_tool_call": false, "tool_call": null, "usage": {"prompt_tokens": 141, "completion_tokens": 5, "total_tokens": 146, "token_count_source": "tokenizer"}, "decoding": {"temperature": 0.2, "top_p": null, "top_k": null, "max_tokens": 256, "seed": 42}, "prompt_tokens": 141, "completion_tokens": 5, "total_tokens": 146, "token_count_source": "tokenizer", "diffusion_steps": null, "flops_estimate": null, "flops_arch": null, "flops_model_params": null, "flops_active_params": null, "tokens_non_final": 1, "tokens_reasoning": 0, "tokens_response": 1, "elapsed_seconds": 0.3927443027496338, "judgement": "Uncategorized"}
{"id": "basket_sum_000871", "topic": "basket_sum", "subtopic": "decimal_prices", "prompt": "You’re buying 5 items: $19.98, $16.47, $18.86, $13.56, $8.06. About how much will you pay (before tax)?", "exact_value": 76.93, "model": "tiiuae/Falcon-H1-7B-Instruct", "provider": "transformers", "response": "Finalютсяываютсяываютсяываютсяываютсяываютсяываютсяываютсяываютсяываютсяываютсяываютсяываютсяываютсяываютсяываютсяываютсяываютсяываютсяываютсяываютсяываютсяываютсяываютсяываютсяываютсяываютсяываютсяываютсяываютсяываютсяываютсяываютсяываютсяываютсяываютсяываютсяываютсяываютсяываютсяываютсяываютсяываютсяываютсяываютсяываютсяываютсяываютсяываютсяываютсяываютсяываютсяываютсяываютсяываютсяываютсяываютсяываютсяываютсяываютсяываютсяываютсяываютсяываютсяываютсяываютсяываютсяываютсяываютсяываютсяываютсяываютсяываютсяываютсяываютсяываютсяываютсяываютсяываютсяываютсяываютсяываютсяываютсяываютсяываютсяываютсяываютсяываютсяываютсяываютсяываютсяываютсяываютсяываютсяываютсяываютсяываютсяываютсяываютсяываютсяываютсяываютсяываютсяываютсяываютсяываютсяываютсяываютсяываютсяываютсяываютсяываютсяываютсяываютсяываютсяываютсяываютсяываютсяываютсяываютсяываютсяываютсяываютсяываютсяываютсяютсяываютсяываютсяываютсяываютсяываютсяываютсяываютсяываютсяываютсяываютсяываютсяываютсяываютсяываютсяываютсяываютсяываютсяываютсяываютсяываютсяываютсяываютсяываютсяываютсяываютсяываютсяываютсяютсяываютсяываютсяываютсяываютсяываютсяываютсяываютсяываютсяываютсяываютсяываютсяываютсяываютсяываютсяываютсяываютсяываютсяываютсяютсяываютсяываютсяываютсяываютсяываютсяываютсяываютсяютсяываютсяываютсяываютсяываютсяываютсяываютсяютсяываютсяываютсяываютсяываютсяываютсяютсяываютсяываютсяываютсяываютсяываютсяываютсяываютсяютсяываютсяываютсяываютсяываютсяываютсяываютсяываютсяютсяываютсяываютсяываютсяываютсяываютсяываютсяываютсяютсяываютсяываютсяываютсяываютсяываютсяываютсяываютсяютсяываютсяываютсяываютсяываютсяываютсяютсяываютсяываютсяываютсяываютсяываютсяываютсяютсяываютсяываютсяываютсяываютсяываютсяываютсяываютсяютсяываютсяываютсяываютсяываютсяываютсяываютсяютсяываются", "numeric_answer": null, "relative_error": null, "thinking_text": null, "has_tool_call": false, "tool_call": null, "usage": {"prompt_tokens": 135, "completion_tokens": 256, "total_tokens": 391, "token_count_source": "tokenizer"}, "decoding": {"temperature": 0.2, "top_p": null, "top_k": null, "max_tokens": 256, "seed": 42}, "prompt_tokens": 135, "completion_tokens": 256, "total_tokens": 391, "token_count_source": "tokenizer", "diffusion_steps": null, "flops_estimate": null, "flops_arch": null, "flops_model_params": null, "flops_active_params": null, "tokens_non_final": 1, "tokens_reasoning": 0, "tokens_response": 1, "elapsed_seconds": 18.473599672317505, "judgement": "Uncategorized"}
{"id": "basket_sum_000891", "topic": "basket_sum", "subtopic": "decimal_prices", "prompt": "You’re buying 5 items: $15.60, $16.10, $18.72, $3.22, $13.53. About how much will you pay (before tax)?", "exact_value": 67.17, "model": "tiiuae/Falcon-H1-7B-Instruct", "provider": "transformers", "response": "Finalютсяwicklungируяwicklungwicklungwicklungwicklungwicklungwicklungwicklungwicklungwicklungwicklungwicklungwicklungwicklungwicklungwicklungwicklungwicklungwicklungwicklungwicklungwicklungwicklungwicklungwicklungwicklungwicklungwicklungwicklungwicklungwicklungwicklungwicklungwicklungwicklungwicklungwicklungwicklungwicklungwicklungwicklungwicklungwicklungwicklungwicklungwicklungwicklungwicklungwicklungwicklungwicklungwicklungwicklungwicklungwicklungwicklungwicklungwicklungwicklungwicklungwicklungwicklungwicklungwicklungwicklungwicklungwicklungwicklungwicklungwicklungwicklungwicklungwicklungwicklungwicklungwicklungwicklungwicklungwicklungwicklungwicklungwicklungwicklungwicklungwicklungwicklungwicklungwicklungwicklungwicklungwicklungwicklungwicklungwicklungwicklungwicklungwicklungwicklungwicklungwicklungwicklungwicklungwicklungwicklungwicklungwicklungwicklungwicklungwicklungwicklungwicklungwicklungwicklungwicklungwicklungwicklungwicklungwicklungwicklungwicklungwicklungwicklungwicklungwicklungwicklungwicklungwicklungwicklungwicklungwicklungwicklungwicklungwicklungwicklungwicklungwicklungwicklungwicklungwicklungwicklungwicklungwicklungwicklungwicklungwicklungwicklungwicklungwicklungwicklungwicklungwicklungwicklungwicklungwicklungwicklungwicklungwicklungwicklungwicklungwicklungwicklungwicklungwicklungwicklungwicklungwicklungwicklungwicklungwicklungwicklungwicklungwicklungwicklungwicklungwicklungwicklungwicklungwicklungwicklungwicklungwicklungwicklungwicklungwicklungwicklungwicklungwicklungwicklungwicklungwicklungwicklungwicklungwicklungwicklungwicklungwicklungwicklungwicklungwicklungwicklungwicklungwicklungwicklungwicklungwicklungwicklungwicklungwicklungwicklungwicklungwicklungwicklungwicklungwicklungwicklungwicklungwicklungwicklungwicklungwicklungwicklungwicklungwicklungwicklungwicklungwicklungwicklungwicklungwicklungwicklungwicklungwicklungwicklungwicklungwicklungwicklungwicklungwicklungwicklungwicklungwicklungwicklungwicklungwicklungwicklungwicklungwicklungwicklungwicklungwicklungwicklungwicklungwicklung", "numeric_answer": null, "relative_error": null, "thinking_text": null, "has_tool_call": false, "tool_call": null, "usage": {"prompt_tokens": 135, "completion_tokens": 256, "total_tokens": 391, "token_count_source": "tokenizer"}, "decoding": {"temperature": 0.2, "top_p": null, "top_k": null, "max_tokens": 256, "seed": 42}, "prompt_tokens": 135, "completion_tokens": 256, "total_tokens": 391, "token_count_source": "tokenizer", "diffusion_steps": null, "flops_estimate": null, "flops_arch": null, "flops_model_params": null, "flops_active_params": null, "tokens_non_final": 1, "tokens_reasoning": 0, "tokens_response": 1, "elapsed_seconds": 18.45229959487915, "judgement": "Uncategorized"}
{"id": "basket_sum_000911", "topic": "basket_sum", "subtopic": "decimal_prices", "prompt": "You’re buying 5 items: $12.93, $9.34, $1.01, $3.03, $3.13. About how much will you pay (before tax)?", "exact_value": 29.44, "model": "tiiuae/Falcon-H1-7B-Instruct", "provider": "transformers", "response": "Finalютсяываютсяываютсяываютсяываютсяываютсяываютсяываютсяываютсяываютсяываютсяываютсяываютсяываютсяываютсяываютсяываютсяываютсяютсяываютсяываютсяываютсяываютсяываютсяютсяываютсяываютсяываютсяываютсяываютсяываютсяютсяываютсяываютсяываютсяываютсяываютсяываютсяютсяываютсяываютсяываютсяываютсяываютсяываютсяютсяываютсяываютсяываютсяываютсяываютсяываютсяютсяываютсяываютсяываютсяываютсяываютсяываютсяютсяываютсяываютсяываютсяываютсяываютсяываютсяютсяываютсяываютсяываютсяываютсяываютсяываютсяютсяываютсяываютсяываютсяываютсяываютсяываютсяютсяываютсяываютсяываютсяываютсяываютсяываютсяютсяываютсяываютсяываютсяываютсяываютсяываютсяютсяываютсяываютсяываютсяываютсяываютсяываютсяютсяываютсяываютсяываютсяываютсяываютсяываютсяютсяываютсяываютсяываютсяываютсяываютсяываютсяютсяываютсяываютсяываютсяываютсяываютсяываютсяютсяываютсяываютсяываютсяываютсяываютсяываютсяютсяываютсяываютсяываютсяываютсяываютсяываютсяютсяываютсяываютсяываютсяываютсяываютсяываютсяютсяываютсяываютсяываютсяываютсяываютсяываютсяютсяываютсяываютсяываютсяываютсяываютсяываютсяютсяываютсяываютсяываютсяываютсяываютсяываютсяютсяываютсяываютсяываютсяываютсяываютсяываютсяютсяываютсяываютсяываютсяываютсяываютсяываютсяютсяываютсяываютсяываютсяываютсяываютсяываютсяютсяываютсяываютсяываютсяываютсяываютсяываютсяютсяываютсяываютсяываютсяываютсяываютсяываютсяютсяываютсяываютсяываютсяываютсяываютсяываютсяютсяываютсяываютсяываютсяываютсяываютсяываютсяютсяываютсяываютсяываютсяываютсяываютсяываютсяютсяываютсяываютсяываютсяываютсяываютсяываютсяютсяываютсяываютсяываютсяываютсяываютсяываютсяютсяываютсяываютсяываютсяываютсяываютсяываютсяютсяываютсяываютсяываютсяываютсяываютсяываютсяютсяываютсяываютсяываютсяываютсяываютсяываются", "numeric_answer": null, "relative_error": null, "thinking_text": null, "has_tool_call": false, "tool_call": null, "usage": {"prompt_tokens": 132, "completion_tokens": 256, "total_tokens": 388, "token_count_source": "tokenizer"}, "decoding": {"temperature": 0.2, "top_p": null, "top_k": null, "max_tokens": 256, "seed": 42}, "prompt_tokens": 132, "completion_tokens": 256, "total_tokens": 388, "token_count_source": "tokenizer", "diffusion_steps": null, "flops_estimate": null, "flops_arch": null, "flops_model_params": null, "flops_active_params": null, "tokens_non_final": 1, "tokens_reasoning": 0, "tokens_response": 1, "elapsed_seconds": 18.48432493209839, "judgement": "Uncategorized"}
{"id": "basket_sum_000931", "topic": "basket_sum", "subtopic": "decimal_prices", "prompt": "You’re buying 3 items: $7.76, $7.19, $6.04. About how much will you pay (before tax)?", "exact_value": 20.99, "model": "tiiuae/Falcon-H1-7B-Instruct", "provider": "transformers", "response": "Finalютсяwicklungwicklungwicklungwicklungwicklungwicklungwicklungwicklungwicklungwicklungwicklungwicklungwicklungwicklungwicklungwicklungwicklungwicklungwicklungwicklungwicklungwicklungwicklungwicklungwicklungwicklungwicklungwicklungwicklungwicklungwicklungwicklungwicklungwicklungwicklungwicklungwicklungwicklungwicklungwicklungwicklungwicklungwicklungwicklungwicklungwicklungwicklungwicklungwicklungwicklungwicklungwicklungwicklungwicklungwicklungwicklungwicklungwicklungwicklungwicklungwicklungwicklungwicklungwicklungwicklungwicklungwicklungwicklungwicklungwicklungwicklungwicklungwicklungwicklungwicklungwicklungwicklungwicklungwicklungwicklungwicklungwicklungwicklungwicklungwicklungwicklungwicklungwicklungwicklungwicklungwicklungwicklungwicklungwicklungwicklungwicklungwicklungwicklungwicklungwicklungwicklungwicklungwicklungwicklungwicklungwicklungwicklungwicklungwicklungwicklungwicklungwicklungwicklungwicklungwicklungwicklungwicklungwicklungwicklungwicklungwicklungwicklungwicklungwicklungwicklungwicklungwicklungwicklungwicklungwicklungwicklungwicklungwicklungwicklungwicklungwicklungwicklungwicklungwicklungwicklungwicklungwicklungwicklungwicklungwicklungwicklungwicklungwicklungwicklungwicklungwicklungwicklungwicklungwicklungwicklungwicklungwicklungwicklungwicklungwicklungwicklungwicklungwicklungwicklungwicklungwicklungwicklungwicklungwicklungwicklungwicklungwicklungwicklungwicklungwicklungwicklungwicklungwicklungwicklungwicklungwicklungwicklungwicklungwicklungwicklungwicklungwicklungwicklungwicklungwicklungwicklungwicklungwicklungwicklungwicklungwicklungwicklungwicklungwicklungwicklungwicklungwicklungwicklungwicklungwicklungwicklungwicklungwicklungwicklungwicklungwicklungwicklungwicklungwicklungwicklungwicklungwicklungwicklungwicklungwicklungwicklungwicklungwicklungwicklungwicklungwicklungwicklungwicklungwicklungwicklungwicklungwicklungwicklungwicklungwicklungwicklungwicklungwicklungwicklungwicklungwicklungwicklungwicklungwicklungwicklungwicklungwicklungwicklungwicklungwicklungwicklungwicklungwicklungwicklung", "numeric_answer": null, "relative_error": null, "thinking_text": null, "has_tool_call": false, "tool_call": null, "usage": {"prompt_tokens": 117, "completion_tokens": 256, "total_tokens": 373, "token_count_source": "tokenizer"}, "decoding": {"temperature": 0.2, "top_p": null, "top_k": null, "max_tokens": 256, "seed": 42}, "prompt_tokens": 117, "completion_tokens": 256, "total_tokens": 373, "token_count_source": "tokenizer", "diffusion_steps": null, "flops_estimate": null, "flops_arch": null, "flops_model_params": null, "flops_active_params": null, "tokens_non_final": 1, "tokens_reasoning": 0, "tokens_response": 1, "elapsed_seconds": 18.6331729888916, "judgement": "Uncategorized"}
{"id": "basket_sum_000951", "topic": "basket_sum", "subtopic": "decimal_prices", "prompt": "You’re buying 3 items: $6.36, $10.07, $5.87. About how much will you pay (before tax)?", "exact_value": 22.3, "model": "tiiuae/Falcon-H1-7B-Instruct", "provider": "transformers", "response": "Finalютсяываютсяываютсяываютсяываютсяываютсяываютсяываютсяываютсяываютсяываютсяываютсяываютсяываютсяываютсяываютсяываютсяываютсяываютсяываютсяываютсяываютсяываютсяываютсяываютсяываютсяываютсяываютсяываютсяываютсяываютсяываютсяываютсяываютсяываютсяываютсяываютсяываютсяываютсяываютсяываютсяываютсяываютсяываютсяываютсяываютсяываютсяываютсяываютсяываютсяываютсяываютсяываютсяываютсяываютсяываютсяываютсяываютсяываютсяываютсяываютсяываютсяываютсяываютсяываютсяываютсяываютсяываютсяываютсяываютсяываютсяываютсяываютсяываютсяываютсяываютсяываютсяываютсяываютсяываютсяываютсяываютсяываютсяываютсяываютсяютсяываютсяываютсяываютсяываютсяываютсяываютсяываютсяываютсяываютсяываютсяываютсяываютсяываютсяываютсяываютсяываютсяываютсяываютсяываютсяываютсяываютсяываютсяываютсяываютсяываютсяываютсяываютсяываютсяываютсяываютсяываютсяываютсяываютсяываютсяываютсяываютсяываютсяываютсяываютсяютсяываютсяываютсяываютсяываютсяываютсяываютсяываютсяываютсяываютсяываютсяываютсяываютсяываютсяываютсяываютсяываютсяываютсяываютсяываютсяываютсяываютсяываютсяываютсяываютсяываютсяываютсяываютсяываютсяываютсяываютсяываютсяываютсяываютсяываютсяываютсяываютсяываютсяываютсяываютсяываютсяываютсяываютсяываютсяываютсяываютсяываютсяываютсяываютсяываютсяываютсяываютсяываютсяываютсяываютсяываютсяываютсяываютсяываютсяываютсяываютсяываютсяываютсяываютсяываютсяываютсяываютсяываютсяываютсяываютсяываютсяываютсяываютсяываютсяываютсяываютсяываютсяываютсяываютсяываютсяываютсяываютсяываютсяываютсяываютсяываютсяываютсяываютсяываютсяываютсяываютсяываютсяываютсяываютсяываютсяываютсяываютсяываютсяываютсяываютсяываютсяываютсяываютсяываютсяываютсяываютсяываютсяываютсяываютсяываютсяываютсяываютсяываютсяываютсяываютсяываютсяываютсяываютсяываютсяываютсяываютсяываютсяываютсяываютсяываютсяываютсяываютсяываютсяываютсяываются", "numeric_answer": null, "relative_error": null, "thinking_text": null, "has_tool_call": false, "tool_call": null, "usage": {"prompt_tokens": 118, "completion_tokens": 256, "total_tokens": 374, "token_count_source": "tokenizer"}, "decoding": {"temperature": 0.2, "top_p": null, "top_k": null, "max_tokens": 256, "seed": 42}, "prompt_tokens": 118, "completion_tokens": 256, "total_tokens": 374, "token_count_source": "tokenizer", "diffusion_steps": null, "flops_estimate": null, "flops_arch": null, "flops_model_params": null, "flops_active_params": null, "tokens_non_final": 1, "tokens_reasoning": 0, "tokens_response": 1, "elapsed_seconds": 18.550661087036133, "judgement": "Uncategorized"}
{"id": "basket_sum_000971", "topic": "basket_sum", "subtopic": "decimal_prices", "prompt": "You’re buying 6 items: $10.87, $14.23, $19.61, $5.05, $8.97, $1.97. About how much will you pay (before tax)?", "exact_value": 60.7, "model": "tiiuae/Falcon-H1-7B-Instruct", "provider": "transformers", "response": "Finalютсяwicklungwicklungwicklungwicklungwicklungwicklungwicklungwicklungwicklungwicklungwicklungwicklungwicklungwicklungwicklungwicklungwicklungwicklungwicklungwicklungwicklungwicklungwicklungwicklungwicklungwicklungwicklungwicklungwicklungwicklungwicklungwicklungwicklungwicklungwicklungwicklungwicklungwicklungwicklungwicklungwicklungwicklungwicklungwicklungwicklungwicklungwicklungwicklungwicklungwicklungwicklungwicklungwicklungwicklungwicklungwicklungwicklungwicklungwicklungwicklungwicklungwicklungwicklungwicklungwicklungwicklungwicklungwicklungwicklungwicklungwicklungwicklungwicklungwicklungwicklungwicklungwicklungwicklungwicklungwicklungwicklungwicklungwicklungwicklungwicklungwicklungwicklungwicklungwicklungwicklungwicklungwicklungwicklungwicklungwicklungwicklungwicklungwicklungwicklungwicklungwicklungwicklungwicklungwicklungwicklungwicklungwicklungwicklungwicklungwicklungwicklungwicklungwicklungwicklungwicklungwicklungwicklungwicklungwicklungwicklungwicklungwicklungwicklungwicklungwicklungwicklungwicklungwicklungwicklungwicklungwicklungwicklungwicklungwicklungwicklungwicklungwicklungwicklungwicklungwicklungwicklungwicklungwicklungwicklungwicklungwicklungwicklungwicklungwicklungwicklungwicklungwicklungwicklungwicklungwicklungwicklungwicklungwicklungwicklungwicklungwicklungwicklungwicklungwicklungwicklungwicklungwicklungwicklungwicklungwicklungwicklungwicklungwicklungwicklungwicklungwicklungwicklungwicklungwicklungwicklungwicklungwicklungwicklungwicklungwicklungwicklungwicklungwicklungwicklungwicklungwicklungwicklungwicklungwicklungwicklungwicklungwicklungwicklungwicklungwicklungwicklungwicklungwicklungwicklungwicklungwicklungwicklungwicklungwicklungwicklungwicklungwicklungwicklungwicklungwicklungwicklungwicklungwicklungwicklungwicklungwicklungwicklungwicklungwicklungwicklungwicklungwicklungwicklungwicklungwicklungwicklungwicklungwicklungwicklungwicklungwicklungwicklungwicklungwicklungwicklungwicklungwicklungwicklungwicklungwicklungwicklungwicklungwicklungwicklungwicklungwicklungwicklungwicklungwicklung", "numeric_answer": null, "relative_error": null, "thinking_text": null, "has_tool_call": false, "tool_call": null, "usage": {"prompt_tokens": 141, "completion_tokens": 256, "total_tokens": 397, "token_count_source": "tokenizer"}, "decoding": {"temperature": 0.2, "top_p": null, "top_k": null, "max_tokens": 256, "seed": 42}, "prompt_tokens": 141, "completion_tokens": 256, "total_tokens": 397, "token_count_source": "tokenizer", "diffusion_steps": null, "flops_estimate": null, "flops_arch": null, "flops_model_params": null, "flops_active_params": null, "tokens_non_final": 1, "tokens_reasoning": 0, "tokens_response": 1, "elapsed_seconds": 18.543413162231445, "judgement": "Uncategorized"}
{"id": "basket_sum_000991", "topic": "basket_sum", "subtopic": "decimal_prices", "prompt": "You’re buying 4 items: $11.05, $0.82, $7.46, $12.41. About how much will you pay (before tax)?", "exact_value": 31.74, "model": "tiiuae/Falcon-H1-7B-Instruct", "provider": "transformers", "response": "Finalются примерно к сумме стоимости всех позиций путем их сложенияываются примерно к сумме стоимости всех позиций путем их сложенияываются примерно к сумме стоимости всех позиций путем их сложенияываются примерно к сумме стоимости всех позиций путем их сложенияываются примерно к сумме стоимости всех позиций путем их сложенияываются примерно к сумме стоимости всех позиций путем их сложенияываются примерно к сумме стоимости всех позиций путем их сложенияываются примерно к сумме стоимости всех позиций путем их сложенияываются примерно к сумме стоимости всех позиций путем их сложенияываются примерно к сумме стоимости всех позиций путем их сложенияываются примерно к сумме стоимости всех позиций путем их сложенияываются примерно к сумме стоимости всех позиций путем их сложенияываются примерно к сумме стоимости всех позиций путем их сложенияываются примерно к сумме стоимости всех позиций путем ихются примерно к сумме стоимости всех позиций путем ихются примерно к сумме стоимости всех позиций путем ихются примерно к сумме стоимости всех позиций путем ихются примерно к сумме стоимости всех позиций путем ихются примерно к сумме стоимости всех позиций путем ихются примерно к сумме стоимости всех позиций путем ихются примерно к сумме стоимости всех позиций", "numeric_answer": null, "relative_error": null, "thinking_text": null, "has_tool_call": false, "tool_call": null, "usage": {"prompt_tokens": 126, "completion_tokens": 256, "total_tokens": 382, "token_count_source": "tokenizer"}, "decoding": {"temperature": 0.2, "top_p": null, "top_k": null, "max_tokens": 256, "seed": 42}, "prompt_tokens": 126, "completion_tokens": 256, "total_tokens": 382, "token_count_source": "tokenizer", "diffusion_steps": null, "flops_estimate": null, "flops_arch": null, "flops_model_params": null, "flops_active_params": null, "tokens_non_final": 180, "tokens_reasoning": 0, "tokens_response": 180, "elapsed_seconds": 18.466940879821777, "judgement": "Uncategorized"}
{"id": "basket_sum_001011", "topic": "basket_sum", "subtopic": "decimal_prices", "prompt": "You’re buying 3 items: $10.23, $19.81, $5.10. About how much will you pay (before tax)?", "exact_value": 35.14, "model": "tiiuae/Falcon-H1-7B-Instruct", "provider": "transformers", "response": "Finalютсяываютсяываютсяываютсяываютсяываютсяываютсяываютсяываютсяываютсяываютсяываютсяываютсяываютсяываютсяываютсяываютсяываютсяываютсяываютсяываютсяываютсяываютсяываютсяываютсяываютсяываютсяываютсяываютсяываютсяываютсяываютсяываютсяываютсяываютсяываютсяываютсяываютсяываютсяываютсяываютсяываютсяываютсяываютсяываютсяываютсяываютсяываютсяываютсяываютсяываютсяываютсяываютсяываютсяываютсяываютсяываютсяываютсяываютсяываютсяываютсяываютсяываютсяываютсяываютсяываютсяываютсяываютсяываютсяываютсяываютсяываютсяываютсяываютсяываютсяываютсяываютсяываютсяываютсяываютсяываютсяываютсяываютсяываютсяываютсяютсяываютсяываютсяываютсяываютсяываютсяываютсяываютсяываютсяываютсяываютсяываютсяываютсяываютсяываютсяываютсяываютсяываютсяываютсяываютсяываютсяываютсяываютсяываютсяываютсяываютсяываютсяываютсяываютсяываютсяываютсяываютсяываютсяываютсяываютсяываютсяываютсяютсяываютсяываютсяываютсяываютсяываютсяываютсяютсяываютсяываютсяываютсяываютсяываютсяываютсяываютсяываютсяываютсяываютсяываютсяываютсяываютсяываютсяываютсяываютсяываютсяываютсяываютсяываютсяываютсяываютсяываютсяываютсяываютсяываютсяываютсяываютсяываютсяываютсяываютсяываютсяываютсяываютсяываютсяываютсяываютсяываютсяываютсяываютсяываютсяываютсяываютсяываютсяываютсяываютсяываютсяываютсяываютсяываютсяываютсяываютсяываютсяываютсяываютсяываютсяываютсяываютсяываютсяываютсяываютсяываютсяываютсяываютсяываютсяываютсяываютсяываютсяываютсяываютсяываютсяываютсяываютсяываютсяываютсяываютсяываютсяываютсяываютсяываютсяываютсяываютсяываютсяываютсяываютсяываютсяываютсяываютсяываютсяываютсяываютсяываютсяываютсяываютсяываютсяываютсяываютсяываютсяываютсяываютсяываютсяываютсяываютсяываютсяываютсяываютсяываютсяываютсяываютсяываютсяываютсяываютсяываютсяываютсяываютсяываютсяываютсяываютсяываютсяываютсяываютсяываютсяываютсяываютсяываются", "numeric_answer": null, "relative_error": null, "thinking_text": null, "has_tool_call": false, "tool_call": null, "usage": {"prompt_tokens": 119, "completion_tokens": 256, "total_tokens": 375, "token_count_source": "tokenizer"}, "decoding": {"temperature": 0.2, "top_p": null, "top_k": null, "max_tokens": 256, "seed": 42}, "prompt_tokens": 119, "completion_tokens": 256, "total_tokens": 375, "token_count_source": "tokenizer", "diffusion_steps": null, "flops_estimate": null, "flops_arch": null, "flops_model_params": null, "flops_active_params": null, "tokens_non_final": 1, "tokens_reasoning": 0, "tokens_response": 1, "elapsed_seconds": 18.459713220596313, "judgement": "Uncategorized"}
{"id": "basket_sum_001031", "topic": "basket_sum", "subtopic": "decimal_prices", "prompt": "You’re buying 3 items: $12.39, $4.12, $3.87. About how much will you pay (before tax)?", "exact_value": 20.38, "model": "tiiuae/Falcon-H1-7B-Instruct", "provider": "transformers", "response": "Finalютсяываютсяываютсяываютсяываютсяываютсяываютсяываютсяываютсяываютсяываютсяываютсяываютсяываютсяываютсяываютсяываютсяываютсяываютсяываютсяываютсяываютсяываютсяываютсяываютсяываютсяываютсяываютсяываютсяываютсяываютсяываютсяываютсяываютсяываютсяываютсяываютсяываютсяываютсяываютсяываютсяываютсяываютсяываютсяываютсяываютсяываютсяываютсяываютсяываютсяываютсяываютсяываютсяываютсяываютсяываютсяываютсяываютсяываютсяываютсяываютсяываютсяываютсяываютсяываютсяываютсяютсяываютсяываютсяываютсяываютсяываютсяываютсяываютсяываютсяываютсяываютсяываютсяываютсяываютсяываютсяываютсяываютсяываютсяываютсяываютсяываютсяютсяываютсяываютсяываютсяываютсяываютсяываютсяютсяываютсяываютсяываютсяываютсяываютсяываютсяютсяываютсяываютсяываютсяываютсяываютсяываютсяютсяываютсяываютсяываютсяываютсяываютсяываютсяютсяываютсяываютсяываютсяываютсяываютсяываютсяютсяываютсяываютсяываютсяываютсяываютсяываютсяютсяываютсяываютсяываютсяываютсяываютсяываютсяютсяываютсяываютсяываютсяываютсяываютсяываютсяютсяываютсяываютсяываютсяываютсяываютсяываютсяютсяываютсяываютсяываютсяываютсяываютсяываютсяютсяываютсяываютсяываютсяываютсяываютсяываютсяютсяываютсяываютсяываютсяываютсяываютсяываютсяютсяываютсяываютсяываютсяываютсяываютсяываютсяютсяываютсяываютсяываютсяываютсяываютсяываютсяютсяываютсяываютсяываютсяываютсяываютсяываютсяютсяываютсяываютсяываютсяываютсяываютсяываютсяютсяываютсяываютсяываютсяываютсяываютсяываютсяютсяываютсяываютсяываютсяываютсяываютсяываютсяютсяываютсяываютсяываютсяываютсяываютсяываютсяютсяываютсяываютсяываютсяываютсяываютсяываютсяютсяываютсяываютсяываютсяываютсяываютсяываютсяютсяываютсяываютсяываютсяываютсяываютсяываютсяютсяываютсяываютсяываютсяываютсяываютсяютсяываютсяываютсяываютсяываютсяываютсяываютсяются", "numeric_answer": null, "relative_error": null, "thinking_text": null, "has_tool_call": false, "tool_call": null, "usage": {"prompt_tokens": 118, "completion_tokens": 256, "total_tokens": 374, "token_count_source": "tokenizer"}, "decoding": {"temperature": 0.2, "top_p": null, "top_k": null, "max_tokens": 256, "seed": 42}, "prompt_tokens": 118, "completion_tokens": 256, "total_tokens": 374, "token_count_source": "tokenizer", "diffusion_steps": null, "flops_estimate": null, "flops_arch": null, "flops_model_params": null, "flops_active_params": null, "tokens_non_final": 1, "tokens_reasoning": 0, "tokens_response": 1, "elapsed_seconds": 18.255593061447144, "judgement": "Uncategorized"}
{"id": "basket_sum_001051", "topic": "basket_sum", "subtopic": "decimal_prices", "prompt": "You’re buying 6 items: $2.66, $1.08, $15.50, $6.73, $17.45, $16.10. About how much will you pay (before tax)?", "exact_value": 59.52, "model": "tiiuae/Falcon-H1-7B-Instruct", "provider": "transformers", "response": "Finalются примерно сумма стоимости всех позиций путем их сложенияываются примерно сумма стоимости всех позиций путем их сложенияются примерно сумма стоимости всех позиций путем их сложенияются примерно сумма стоимости всех позиций путем их сложенияются примерно сумма стоимости всех позиций путем их сложенияются примерно сумма стоимости всех позиций путем их сложенияются примерно сумма стоимости всех позиций путем их сложенияются примерно сумма стоимости всех позиций путем их сложенияются примерно сумма стоимости всех позиций путем их сложенияются примерно сумма стоимости всех позиций путем их сложенияются примерноются примерноются примерноются примерноются примерноются примерноются примерноются примерноются примерноются примерноются примерноются примерноются примерноются примерноются примерноются примерноются примерноются примерноются примерноываются примерноываются примерноываются примерноываются примерноываются примерноываются примерноываются примерноываются примерноываются примерноываются примерноываются примерноываются примерноываются примерноываются примерноываются примерноываются примерноываются примерноываются примерноываются примерноываются примерноываются примерноываются примерноываются примерноываются примерноываются примерноываются примерноываются примерноываются примерноываются примерноываются примерноываются примерноываются примерноываются примерноываются примерноываются примерноываются примерноываются примерноываются примерноываются примерноываются примерноываются примерноываются примерноываются примерноываются примерноываются примерноываются примерноываются примерноываются примерноываются примерноываются примерноываются примерноываются примерноываются примерноываются", "numeric_answer": null, "relative_error": null, "thinking_text": null, "has_tool_call": false, "tool_call": null, "usage": {"prompt_tokens": 141, "completion_tokens": 256, "total_tokens": 397, "token_count_source": "tokenizer"}, "decoding": {"temperature": 0.2, "top_p": null, "top_k": null, "max_tokens": 256, "seed": 42}, "prompt_tokens": 141, "completion_tokens": 256, "total_tokens": 397, "token_count_source": "tokenizer", "diffusion_steps": null, "flops_estimate": null, "flops_arch": null, "flops_model_params": null, "flops_active_params": null, "tokens_non_final": 153, "tokens_reasoning": 0, "tokens_response": 153, "elapsed_seconds": 18.53773069381714, "judgement": "Uncategorized"}
{"id": "basket_sum_001071", "topic": "basket_sum", "subtopic": "decimal_prices", "prompt": "You’re buying 4 items: $7.01, $19.73, $18.82, $15.05. About how much will you pay (before tax)?", "exact_value": 60.61, "model": "tiiuae/Falcon-H1-7B-Instruct", "provider": "transformers", "response": "Finalютсяываютсяываютсяываютсяываютсяываютсяываютсяываютсяываютсяываютсяываютсяываютсяываютсяываютсяываютсяываютсяываютсяываютсяываютсяываютсяываютсяываютсяываютсяываютсяываютсяываютсяываютсяываютсяываютсяываютсяываютсяываютсяываютсяываютсяываютсяываютсяываютсяываютсяываютсяываютсяываютсяываютсяываютсяываютсяываютсяываютсяываютсяываютсяываютсяываютсяываютсяываютсяываютсяываютсяываютсяываютсяываютсяываютсяываютсяываютсяываютсяываютсяютсяываютсяываютсяываютсяываютсяываютсяываютсяываютсяываютсяываютсяываютсяываютсяываютсяываютсяываютсяываютсяываютсяываютсяываютсяываютсяютсяываютсяываютсяываютсяываютсяываютсяываютсяютсяываютсяываютсяываютсяываютсяываютсяютсяываютсяываютсяываютсяываютсяываютсяываютсяютсяываютсяываютсяываютсяываютсяываютсяываютсяываютсяываютсяываютсяываютсяываютсяываютсяываютсяываютсяываютсяываютсяываютсяываютсяываютсяываютсяютсяываютсяываютсяываютсяываютсяываютсяываютсяываютсяываютсяываютсяываютсяываютсяываютсяываютсяываютсяываютсяываютсяываютсяываютсяываютсяываютсяываютсяываютсяываютсяываютсяываютсяываютсяываютсяываютсяываютсяываютсяываютсяываютсяываютсяываютсяываютсяываютсяываютсяываютсяываютсяываютсяываютсяываютсяываютсяываютсяываютсяываютсяываютсяываютсяываютсяываютсяываютсяываютсяываютсяываютсяываютсяываютсяываютсяываютсяываютсяываютсяываютсяываютсяываютсяываютсяываютсяываютсяываютсяываютсяываютсяываютсяываютсяываютсяываютсяываютсяываютсяываютсяываютсяываютсяываютсяываютсяываютсяываютсяываютсяываютсяываютсяываютсяываютсяываютсяываютсяываютсяываютсяываютсяываютсяываютсяываютсяываютсяываютсяываютсяываютсяываютсяываютсяываютсяываютсяываютсяываютсяываютсяываютсяываютсяываютсяываютсяываютсяываютсяываютсяываютсяываютсяываютсяываютсяываютсяываютсяываютсяываютсяываютсяываютсяываютсяываютсяываютсяываютсяываютсяываютсяываютсяываются", "numeric_answer": null, "relative_error": null, "thinking_text": null, "has_tool_call": false, "tool_call": null, "usage": {"prompt_tokens": 127, "completion_tokens": 256, "total_tokens": 383, "token_count_source": "tokenizer"}, "decoding": {"temperature": 0.2, "top_p": null, "top_k": null, "max_tokens": 256, "seed": 42}, "prompt_tokens": 127, "completion_tokens": 256, "total_tokens": 383, "token_count_source": "tokenizer", "diffusion_steps": null, "flops_estimate": null, "flops_arch": null, "flops_model_params": null, "flops_active_params": null, "tokens_non_final": 1, "tokens_reasoning": 0, "tokens_response": 1, "elapsed_seconds": 18.32605528831482, "judgement": "Uncategorized"}
{"id": "basket_sum_001091", "topic": "basket_sum", "subtopic": "decimal_prices", "prompt": "You’re buying 6 items: $5.22, $14.42, $3.22, $3.06, $11.87, $8.32. About how much will you pay (before tax)?", "exact_value": 46.11, "model": "tiiuae/Falcon-H1-7B-Instruct", "provider": "transformers", "response": "Finalютсяываютсяываютсяываютсяываютсяываютсяываютсяываютсяываютсяываютсяываютсяываютсяываютсяываютсяываютсяываютсяываютсяываютсяываютсяываютсяываютсяываютсяываютсяываютсяываютсяываютсяываютсяываютсяываютсяываютсяываютсяываютсяываютсяываютсяываютсяываютсяываютсяываютсяываютсяываютсяываютсяываютсяываютсяываютсяываютсяываютсяываютсяываютсяываютсяываютсяываютсяываютсяываютсяываютсяываютсяываютсяываютсяываютсяываютсяываютсяываютсяываютсяываютсяываютсяываютсяываютсяываютсяываютсяываютсяываютсяываютсяываютсяываютсяываютсяываютсяываютсяываютсяываютсяываютсяываютсяываютсяываютсяываютсяываютсяываютсяываютсяываютсяываютсяываютсяываютсяываютсяываютсяываютсяываютсяываютсяываютсяываютсяываютсяываютсяываютсяываютсяываютсяываютсяываютсяываютсяываютсяываютсяываютсяываютсяываютсяываютсяываютсяываютсяываютсяываютсяываютсяываютсяываютсяываютсяываютсяываютсяываютсяываютсяываютсяываютсяываютсяываютсяываютсяываютсяываютсяываютсяываютсяываютсяываютсяываютсяываютсяываютсяываютсяываютсяываютсяываютсяываютсяываютсяываютсяываютсяываютсяываютсяываютсяываютсяываютсяываютсяываютсяываютсяываютсяываютсяываютсяываютсяываютсяываютсяываютсяываютсяываютсяываютсяываютсяываютсяываютсяываютсяываютсяываютсяываютсяываютсяываютсяываютсяываютсяываютсяываютсяываютсяываютсяываютсяываютсяываютсяываютсяываютсяываютсяываютсяываютсяываютсяываютсяываютсяываютсяываютсяываютсяываютсяываютсяываютсяываютсяываютсяываютсяываютсяываютсяываютсяываютсяываютсяываютсяываютсяываютсяываютсяываютсяываютсяываютсяываютсяываютсяываютсяываютсяываютсяываютсяываютсяываютсяываютсяываютсяываютсяываютсяываютсяываютсяываютсяываютсяываютсяываютсяываютсяываютсяываютсяываютсяываютсяываютсяываютсяываютсяываютсяываютсяываютсяываютсяываютсяываютсяываютсяываютсяываютсяываютсяываютсяываютсяываютсяываютсяываютсяываютсяываютсяываютсяываются", "numeric_answer": null, "relative_error": null, "thinking_text": null, "has_tool_call": false, "tool_call": null, "usage": {"prompt_tokens": 140, "completion_tokens": 256, "total_tokens": 396, "token_count_source": "tokenizer"}, "decoding": {"temperature": 0.2, "top_p": null, "top_k": null, "max_tokens": 256, "seed": 42}, "prompt_tokens": 140, "completion_tokens": 256, "total_tokens": 396, "token_count_source": "tokenizer", "diffusion_steps": null, "flops_estimate": null, "flops_arch": null, "flops_model_params": null, "flops_active_params": null, "tokens_non_final": 1, "tokens_reasoning": 0, "tokens_response": 1, "elapsed_seconds": 18.438863515853882, "judgement": "Uncategorized"}
{"id": "basket_sum_001111", "topic": "basket_sum", "subtopic": "decimal_prices", "prompt": "You’re buying 4 items: $19.10, $10.16, $17.74, $8.93. About how much will you pay (before tax)?", "exact_value": 55.93, "model": "tiiuae/Falcon-H1-7B-Instruct", "provider": "transformers", "response": "Finalютсяываютсяываютсяываютсяываютсяываютсяываютсяываютсяываютсяываютсяываютсяываютсяываютсяываютсяываютсяываютсяываютсяываютсяываютсяываютсяываютсяываютсяываютсяываютсяываютсяываютсяываютсяываютсяываютсяываютсяываютсяываютсяываютсяываютсяываютсяываютсяываютсяываютсяываютсяываютсяываютсяываютсяываютсяываютсяываютсяываютсяываютсяываютсяываютсяываютсяываютсяываютсяываютсяываютсяываютсяываютсяываютсяываютсяываютсяываютсяываютсяываютсяываютсяываютсяываютсяываютсяываютсяываютсяываютсяываютсяываютсяываютсяываютсяываютсяываютсяываютсяываютсяываютсяываютсяываютсяываютсяываютсяываютсяываютсяываютсяываютсяываютсяываютсяываютсяываютсяываютсяываютсяываютсяываютсяываютсяываютсяываютсяываютсяываютсяываютсяываютсяываютсяываютсяываютсяываютсяываютсяываютсяываютсяываютсяываютсяываютсяываютсяываютсяываютсяываютсяываютсяываютсяываютсяываютсяываютсяываютсяываютсяываютсяываютсяываютсяываютсяываютсяываютсяываютсяываютсяываютсяываютсяываютсяываютсяываютсяываютсяываютсяываютсяываютсяываютсяываютсяываютсяываютсяываютсяываютсяываютсяываютсяываютсяываютсяываютсяываютсяываютсяываютсяываютсяываютсяываютсяываютсяываютсяываютсяываютсяываютсяываютсяываютсяываютсяываютсяываютсяютсяываютсяываютсяываютсяываютсяываютсяываютсяываютсяываютсяываютсяываютсяываютсяываютсяываютсяываютсяываютсяываютсяываютсяываютсяываютсяываютсяываютсяываютсяываютсяываютсяываютсяываютсяываютсяываютсяываютсяываютсяываютсяываютсяываютсяываютсяываютсяываютсяываютсяываютсяываютсяываютсяываютсяываютсяываютсяываютсяываютсяываютсяываютсяываютсяываютсяываютсяываютсяываютсяываютсяываютсяываютсяываютсяываютсяываютсяываютсяываютсяываютсяываютсяываютсяываютсяываютсяываютсяываютсяываютсяываютсяываютсяываютсяываютсяываютсяываютсяываютсяываютсяываютсяываютсяываютсяываютсяываютсяываютсяываютсяываютсяываютсяываютсяываютсяываются", "numeric_answer": null, "relative_error": null, "thinking_text": null, "has_tool_call": false, "tool_call": null, "usage": {"prompt_tokens": 127, "completion_tokens": 256, "total_tokens": 383, "token_count_source": "tokenizer"}, "decoding": {"temperature": 0.2, "top_p": null, "top_k": null, "max_tokens": 256, "seed": 42}, "prompt_tokens": 127, "completion_tokens": 256, "total_tokens": 383, "token_count_source": "tokenizer", "diffusion_steps": null, "flops_estimate": null, "flops_arch": null, "flops_model_params": null, "flops_active_params": null, "tokens_non_final": 1, "tokens_reasoning": 0, "tokens_response": 1, "elapsed_seconds": 18.397083044052124, "judgement": "Uncategorized"}
{"id": "basket_sum_001131", "topic": "basket_sum", "subtopic": "decimal_prices", "prompt": "You’re buying 3 items: $18.72, $17.46, $5.78. About how much will you pay (before tax)?", "exact_value": 41.96, "model": "tiiuae/Falcon-H1-7B-Instruct", "provider": "transformers", "response": "Finalютсяwicklungwicklungwicklungwicklungwicklungwicklungwicklungwicklungwicklungwicklungwicklungwicklungwicklungwicklungwicklungwicklungwicklungwicklungwicklungwicklungwicklungwicklungwicklungwicklungwicklungwicklungwicklungwicklungwicklungwicklungwicklungwicklungwicklungwicklungwicklungwicklungwicklungwicklungwicklungwicklungwicklungwicklungwicklungwicklungwicklungwicklungwicklungwicklungwicklungwicklungwicklungwicklungwicklungwicklungwicklungwicklungwicklungwicklungwicklungwicklungwicklungwicklungwicklungwicklungwicklungwicklungwicklungwicklungwicklungwicklungwicklungwicklungwicklungwicklungwicklungwicklungwicklungwicklungwicklungwicklungwicklungwicklungwicklungwicklungwicklungwicklungwicklungwicklungwicklungwicklungwicklungwicklungwicklungwicklungwicklungwicklungwicklungwicklungwicklungwicklungwicklungwicklungwicklungwicklungwicklungwicklungwicklungwicklungwicklungwicklungwicklungwicklungwicklungwicklungwicklungwicklungwicklungwicklungwicklungwicklungwicklungwicklungwicklungwicklungwicklungwicklungwicklungwicklungwicklungwicklungwicklungwicklungwicklungwicklungwicklungwicklungwicklungwicklungwicklungwicklungwicklungwicklungwicklungwicklungwicklungwicklungwicklungwicklungwicklungwicklungwicklungwicklungwicklungwicklungwicklungwicklungwicklungwicklungwicklungwicklungwicklungwicklungwicklungwicklungwicklungwicklungwicklungwicklungwicklungwicklungwicklungwicklungwicklungwicklungwicklungwicklungwicklungwicklungwicklungwicklungwicklungwicklungwicklungwicklungwicklungwicklungwicklungwicklungwicklungwicklungwicklungwicklungwicklungwicklungwicklungwicklungwicklungwicklungwicklungwicklungwicklungwicklungwicklungwicklungwicklungwicklungwicklungwicklungwicklungwicklungwicklungwicklungwicklungwicklungwicklungwicklungwicklungwicklungwicklungwicklungwicklungwicklungwicklungwicklungwicklungwicklungwicklungwicklungwicklungwicklungwicklungwicklungwicklungwicklungwicklungwicklungwicklungwicklungwicklungwicklungwicklungwicklungwicklungwicklungwicklungwicklungwicklungwicklungwicklungwicklungwicklungwicklungwicklungwicklung", "numeric_answer": null, "relative_error": null, "thinking_text": null, "has_tool_call": false, "tool_call": null, "usage": {"prompt_tokens": 119, "completion_tokens": 256, "total_tokens": 375, "token_count_source": "tokenizer"}, "decoding": {"temperature": 0.2, "top_p": null, "top_k": null, "max_tokens": 256, "seed": 42}, "prompt_tokens": 119, "completion_tokens": 256, "total_tokens": 375, "token_count_source": "tokenizer", "diffusion_steps": null, "flops_estimate": null, "flops_arch": null, "flops_model_params": null, "flops_active_params": null, "tokens_non_final": 1, "tokens_reasoning": 0, "tokens_response": 1, "elapsed_seconds": 18.568102836608887, "judgement": "Uncategorized"}
{"id": "basket_sum_001151", "topic": "basket_sum", "subtopic": "decimal_prices", "prompt": "You’re buying 6 items: $8.31, $2.74, $14.88, $17.68, $5.94, $4.74. About how much will you pay (before tax)?", "exact_value": 54.29, "model": "tiiuae/Falcon-H1-7B-Instruct", "provider": "transformers", "response": "Finalютсяываютсяываютсяываютсяываютсяываютсяываютсяываютсяываютсяываютсяываютсяываютсяываютсяываютсяываютсяываютсяываютсяываютсяываютсяываютсяываютсяываютсяываютсяываютсяываютсяываютсяываютсяываютсяываютсяываютсяываютсяываютсяываютсяываютсяываютсяываютсяываютсяываютсяываютсяываютсяываютсяываютсяываютсяываютсяываютсяываютсяываютсяываютсяываютсяываютсяываютсяываютсяываютсяываютсяываютсяываютсяываютсяываютсяываютсяываютсяываютсяываютсяываютсяываютсяываютсяываютсяываютсяываютсяываютсяываютсяываютсяываютсяываютсяываютсяютсяываютсяываютсяываютсяываютсяываютсяываютсяываютсяываютсяываютсяываютсяываютсяываютсяываютсяываютсяываютсяываютсяываютсяываютсяываютсяываютсяываютсяываютсяываютсяываютсяываютсяываютсяываютсяываютсяываютсяываютсяютсяываютсяываютсяываютсяываютсяываютсяываютсяываютсяываютсяываютсяываютсяываютсяываютсяываютсяываютсяываютсяываютсяываютсяываютсяываютсяываютсяываютсяываютсяываютсяываютсяываютсяютсяываютсяываютсяываютсяываютсяываютсяываютсяываютсяываютсяываютсяываютсяываютсяываютсяываютсяываютсяываютсяываютсяываютсяываютсяываютсяываютсяываютсяываютсяываютсяываютсяываютсяываютсяываютсяываютсяываютсяываютсяываютсяываютсяываютсяываютсяываютсяываютсяываютсяываютсяываютсяываютсяываютсяываютсяываютсяываютсяываютсяываютсяываютсяываютсяываютсяываютсяываютсяываютсяываютсяываютсяываютсяываютсяываютсяываютсяываютсяываютсяываютсяываютсяываютсяываютсяываютсяываютсяываютсяываютсяываютсяываютсяываютсяываютсяываютсяываютсяываютсяываютсяываютсяываютсяываютсяываютсяываютсяываютсяываютсяываютсяываютсяываютсяываютсяываютсяываютсяываютсяываютсяываютсяываютсяываютсяываютсяываютсяываютсяываютсяываютсяываютсяываютсяываютсяываютсяываютсяываютсяываютсяываютсяываютсяываютсяываютсяываютсяываютсяываютсяываютсяываютсяютсяываютсяываютсяываютсяываютсяываютсяываютсяываются", "numeric_answer": null, "relative_error": null, "thinking_text": null, "has_tool_call": false, "tool_call": null, "usage": {"prompt_tokens": 140, "completion_tokens": 256, "total_tokens": 396, "token_count_source": "tokenizer"}, "decoding": {"temperature": 0.2, "top_p": null, "top_k": null, "max_tokens": 256, "seed": 42}, "prompt_tokens": 140, "completion_tokens": 256, "total_tokens": 396, "token_count_source": "tokenizer", "diffusion_steps": null, "flops_estimate": null, "flops_arch": null, "flops_model_params": null, "flops_active_params": null, "tokens_non_final": 1, "tokens_reasoning": 0, "tokens_response": 1, "elapsed_seconds": 18.479166507720947, "judgement": "Uncategorized"}
{"id": "basket_sum_001171", "topic": "basket_sum", "subtopic": "decimal_prices", "prompt": "You’re buying 3 items: $10.17, $0.89, $7.55. About how much will you pay (before tax)?", "exact_value": 18.61, "model": "tiiuae/Falcon-H1-7B-Instruct", "provider": "transformers", "response": "Finalютсяwicklungwicklungwicklungwicklungwicklungwicklungwicklungwicklungwicklungwicklungwicklungwicklungwicklungwicklungwicklungwicklungwicklungwicklungwicklungwicklungwicklungwicklungwicklungwicklungwicklungwicklungwicklungwicklungwicklungwicklungwicklungwicklungwicklungwicklungwicklungwicklungwicklungwicklungwicklungwicklungwicklungwicklungwicklungwicklungwicklungwicklungwicklungwicklungwicklungwicklungwicklungwicklungwicklungwicklungwicklungwicklungwicklungwicklungwicklungwicklungwicklungwicklungwicklungwicklungwicklungwicklungwicklungwicklungwicklungwicklungwicklungwicklungwicklungwicklungwicklungwicklungwicklungwicklungwicklungwicklungwicklungwicklungwicklungwicklungwicklungwicklungwicklungwicklungwicklungwicklungwicklungwicklungwicklungwicklungwicklungwicklungwicklungwicklungwicklungwicklungwicklungwicklungwicklungwicklungwicklungwicklungwicklungwicklungwicklungwicklungwicklungwicklungwicklungwicklungwicklungwicklungwicklungwicklungwicklungwicklungwicklungwicklungwicklungwicklungwicklungwicklungwicklungwicklungwicklungwicklungwicklungwicklungwicklungwicklungwicklungwicklungwicklungwicklungwicklungwicklungwicklungwicklungwicklungwicklungwicklungwicklungwicklungwicklungwicklungwicklungwicklungwicklungwicklungwicklungwicklungwicklungwicklungwicklungwicklungwicklungwicklungwicklungwicklungwicklungwicklungwicklungwicklungwicklungwicklungwicklungwicklungwicklungwicklungwicklungwicklungwicklungwicklungwicklungwicklungwicklungwicklungwicklungwicklungwicklungwicklungwicklungwicklungwicklungwicklungwicklungwicklungwicklungwicklungwicklungwicklungwicklungwicklungwicklungwicklungwicklungwicklungwicklungwicklungwicklungwicklungwicklungwicklungwicklungwicklungwicklungwicklungwicklungwicklungwicklungwicklungwicklungwicklungwicklungwicklungwicklungwicklungwicklungwicklungwicklungwicklungwicklungwicklungwicklungwicklungwicklungwicklungwicklungwicklungwicklungwicklungwicklungwicklungwicklungwicklungwicklungwicklungwicklungwicklungwicklungwicklungwicklungwicklungwicklungwicklungwicklungwicklungwicklungwicklungwicklung", "numeric_answer": null, "relative_error": null, "thinking_text": null, "has_tool_call": false, "tool_call": null, "usage": {"prompt_tokens": 118, "completion_tokens": 256, "total_tokens": 374, "token_count_source": "tokenizer"}, "decoding": {"temperature": 0.2, "top_p": null, "top_k": null, "max_tokens": 256, "seed": 42}, "prompt_tokens": 118, "completion_tokens": 256, "total_tokens": 374, "token_count_source": "tokenizer", "diffusion_steps": null, "flops_estimate": null, "flops_arch": null, "flops_model_params": null, "flops_active_params": null, "tokens_non_final": 1, "tokens_reasoning": 0, "tokens_response": 1, "elapsed_seconds": 18.34932541847229, "judgement": "Uncategorized"}
{"id": "basket_sum_001191", "topic": "basket_sum", "subtopic": "decimal_prices", "prompt": "You’re buying 5 items: $16.57, $13.87, $17.29, $12.64, $9.09. About how much will you pay (before tax)?", "exact_value": 69.46, "model": "tiiuae/Falcon-H1-7B-Instruct", "provider": "transformers", "response": "Finalютсяwicklungwicklungwicklungwicklungwicklungwicklungwicklungwicklungwicklungwicklungwicklungwicklungwicklungwicklungwicklungwicklungwicklungwicklungwicklungwicklungwicklungwicklungwicklungwicklungwicklungwicklungwicklungwicklungwicklungwicklungwicklungwicklungwicklungwicklungwicklungwicklungwicklungwicklungwicklungwicklungwicklungwicklungwicklungwicklungwicklungwicklungwicklungwicklungwicklungwicklungwicklungwicklungwicklungwicklungwicklungwicklungwicklungwicklungwicklungwicklungwicklungwicklungwicklungwicklungwicklungwicklungwicklungwicklungwicklungwicklungwicklungwicklungwicklungwicklungwicklungwicklungwicklungwicklungwicklungwicklungwicklungwicklungwicklungwicklungwicklungwicklungwicklungwicklungwicklungwicklungwicklungwicklungwicklungwicklungwicklungwicklungwicklungwicklungwicklungwicklungwicklungwicklungwicklungwicklungwicklungwicklungwicklungwicklungwicklungwicklungwicklungwicklungwicklungwicklungwicklungwicklungwicklungwicklungwicklungwicklungwicklungwicklungwicklungwicklungwicklungwicklungwicklungwicklungwicklungwicklungwicklungwicklungwicklungwicklungwicklungwicklungwicklungwicklungwicklungwicklungwicklungwicklungwicklungwicklungwicklungwicklungwicklungwicklungwicklungwicklungwicklungwicklungwicklungwicklungwicklungwicklungwicklungwicklungwicklungwicklungwicklungwicklungwicklungwicklungwicklungwicklungwicklungwicklungwicklungwicklungwicklungwicklungwicklungwicklungwicklungwicklungwicklungwicklungwicklungwicklungwicklungwicklungwicklungwicklungwicklungwicklungwicklungwicklungwicklungwicklungwicklungwicklungwicklungwicklungwicklungwicklungwicklungwicklungwicklungwicklungwicklungwicklungwicklungwicklungwicklungwicklungwicklungwicklungwicklungwicklungwicklungwicklungwicklungwicklungwicklungwicklungwicklungwicklungwicklungwicklungwicklungwicklungwicklungwicklungwicklungwicklungwicklungwicklungwicklungwicklungwicklungwicklungwicklungwicklungwicklungwicklungwicklungwicklungwicklungwicklungwicklungwicklungwicklungwicklungwicklungwicklungwicklungwicklungwicklungwicklungwicklungwicklungwicklungwicklung", "numeric_answer": null, "relative_error": null, "thinking_text": null, "has_tool_call": false, "tool_call": null, "usage": {"prompt_tokens": 135, "completion_tokens": 256, "total_tokens": 391, "token_count_source": "tokenizer"}, "decoding": {"temperature": 0.2, "top_p": null, "top_k": null, "max_tokens": 256, "seed": 42}, "prompt_tokens": 135, "completion_tokens": 256, "total_tokens": 391, "token_count_source": "tokenizer", "diffusion_steps": null, "flops_estimate": null, "flops_arch": null, "flops_model_params": null, "flops_active_params": null, "tokens_non_final": 1, "tokens_reasoning": 0, "tokens_response": 1, "elapsed_seconds": 18.757928133010864, "judgement": "Uncategorized"}
{"id": "basket_sum_001211", "topic": "basket_sum", "subtopic": "decimal_prices", "prompt": "You’re buying 4 items: $2.44, $1.26, $19.22, $2.64. About how much will you pay (before tax)?", "exact_value": 25.56, "model": "tiiuae/Falcon-H1-7B-Instruct", "provider": "transformers", "response": "Finalютсяwicklungwicklungwicklungwicklungwicklungwicklungwicklungwicklungwicklungwicklungwicklungwicklungwicklungwicklungwicklungwicklungwicklungwicklungwicklungwicklungwicklungwicklungwicklungwicklungwicklungwicklungwicklungwicklungwicklungwicklungwicklungwicklungwicklungwicklungwicklungwicklungwicklungwicklungwicklungwicklungwicklungwicklungwicklungwicklungwicklungwicklungwicklungwicklungwicklungwicklungwicklungwicklungwicklungwicklungwicklungwicklungwicklungwicklungwicklungwicklungwicklungwicklungwicklungwicklungwicklungwicklungwicklungwicklungwicklungwicklungwicklungwicklungwicklungwicklungwicklungwicklungwicklungwicklungwicklungwicklungwicklungwicklungwicklungwicklungwicklungwicklungwicklungwicklungwicklungwicklungwicklungwicklungwicklungwicklungwicklungwicklungwicklungwicklungwicklungwicklungwicklungwicklungwicklungwicklungwicklungwicklungwicklungwicklungwicklungwicklungwicklungwicklungwicklungwicklungwicklungwicklungwicklungwicklungwicklungwicklungwicklungwicklungwicklungwicklungwicklungwicklungwicklungwicklungwicklungwicklungwicklungwicklungwicklungwicklungwicklungwicklungwicklungwicklungwicklungwicklungwicklungwicklungwicklungwicklungwicklungwicklungwicklungwicklungwicklungwicklungwicklungwicklungwicklungwicklungwicklungwicklungwicklungwicklungwicklungwicklungwicklungwicklungwicklungwicklungwicklungwicklungwicklungwicklungwicklungwicklungwicklungwicklungwicklungwicklungwicklungwicklungwicklungwicklungwicklungwicklungwicklungwicklungwicklungwicklungwicklungwicklungwicklungwicklungwicklungwicklungwicklungwicklungwicklungwicklungwicklungwicklungwicklungwicklungwicklungwicklungwicklungwicklungwicklungwicklungwicklungwicklungwicklungwicklungwicklungwicklungwicklungwicklungwicklungwicklungwicklungwicklungwicklungwicklungwicklungwicklungwicklungwicklungwicklungwicklungwicklungwicklungwicklungwicklungwicklungwicklungwicklungwicklungwicklungwicklungwicklungwicklungwicklungwicklungwicklungwicklungwicklungwicklungwicklungwicklungwicklungwicklungwicklungwicklungwicklungwicklungwicklungwicklungwicklungwicklung", "numeric_answer": null, "relative_error": null, "thinking_text": null, "has_tool_call": false, "tool_call": null, "usage": {"prompt_tokens": 125, "completion_tokens": 256, "total_tokens": 381, "token_count_source": "tokenizer"}, "decoding": {"temperature": 0.2, "top_p": null, "top_k": null, "max_tokens": 256, "seed": 42}, "prompt_tokens": 125, "completion_tokens": 256, "total_tokens": 381, "token_count_source": "tokenizer", "diffusion_steps": null, "flops_estimate": null, "flops_arch": null, "flops_model_params": null, "flops_active_params": null, "tokens_non_final": 1, "tokens_reasoning": 0, "tokens_response": 1, "elapsed_seconds": 18.56839919090271, "judgement": "Uncategorized"}
{"id": "basket_sum_001231", "topic": "basket_sum", "subtopic": "decimal_prices", "prompt": "You’re buying 5 items: $4.51, $9.17, $1.90, $5.25, $12.09. About how much will you pay (before tax)?", "exact_value": 32.92, "model": "tiiuae/Falcon-H1-7B-Instruct", "provider": "transformers", "response": "Finalютсяываютсяываютсяываютсяываютсяываютсяываютсяываютсяываютсяываютсяываютсяываютсяываютсяываютсяываютсяываютсяываютсяываютсяютсяываютсяываютсяываютсяываютсяываютсяываютсяываютсяываютсяываютсяываютсяываютсяываютсяываютсяываютсяываютсяываютсяываютсяываютсяываютсяываютсяываютсяываютсяываютсяываютсяываютсяываютсяываютсяываютсяываютсяываютсяываютсяываютсяываютсяываютсяываютсяываютсяываютсяываютсяываютсяываютсяываютсяываютсяываютсяываютсяываютсяываютсяываютсяываютсяываютсяываютсяываютсяываютсяываютсяываютсяываютсяываютсяываютсяываютсяываютсяываютсяываютсяываютсяываютсяываютсяываютсяываютсяываютсяываютсяываютсяываютсяываютсяываютсяываютсяываютсяываютсяываютсяываютсяываютсяываютсяываютсяываютсяываютсяываютсяываютсяываютсяываютсяываютсяываютсяываютсяываютсяываютсяываютсяываютсяываютсяываютсяываютсяываютсяываютсяываютсяываютсяываютсяываютсяываютсяываютсяываютсяываютсяываютсяываютсяываютсяываютсяываютсяываютсяываютсяываютсяываютсяываютсяываютсяываютсяываютсяываютсяываютсяываютсяываютсяываютсяываютсяываютсяываютсяываютсяываютсяываютсяываютсяываютсяываютсяываютсяываютсяываютсяываютсяываютсяываютсяываютсяываютсяываютсяываютсяываютсяываютсяываютсяываютсяываютсяываютсяываютсяываютсяываютсяываютсяываютсяываютсяываютсяываютсяываютсяываютсяываютсяываютсяываютсяютсяываютсяываютсяываютсяываютсяываютсяываютсяываютсяываютсяываютсяываютсяываютсяываютсяываютсяываютсяываютсяываютсяываютсяываютсяываютсяываютсяываютсяываютсяываютсяываютсяываютсяываютсяываютсяываютсяываютсяываютсяываютсяываютсяываютсяываютсяываютсяываютсяываютсяываютсяываютсяываютсяываютсяываютсяываютсяываютсяываютсяываютсяываютсяываютсяываютсяываютсяываютсяываютсяываютсяываютсяываютсяываютсяываютсяываютсяываютсяываютсяываютсяываютсяываютсяываютсяываютсяываютсяываютсяываютсяываютсяываютсяываютсяываютсяываются", "numeric_answer": null, "relative_error": null, "thinking_text": null, "has_tool_call": false, "tool_call": null, "usage": {"prompt_tokens": 132, "completion_tokens": 256, "total_tokens": 388, "token_count_source": "tokenizer"}, "decoding": {"temperature": 0.2, "top_p": null, "top_k": null, "max_tokens": 256, "seed": 42}, "prompt_tokens": 132, "completion_tokens": 256, "total_tokens": 388, "token_count_source": "tokenizer", "diffusion_steps": null, "flops_estimate": null, "flops_arch": null, "flops_model_params": null, "flops_active_params": null, "tokens_non_final": 1, "tokens_reasoning": 0, "tokens_response": 1, "elapsed_seconds": 18.61558508872986, "judgement": "Uncategorized"}
{"id": "basket_sum_001251", "topic": "basket_sum", "subtopic": "decimal_prices", "prompt": "You’re buying 5 items: $3.91, $8.11, $15.11, $18.54, $3.32. About how much will you pay (before tax)?", "exact_value": 48.99, "model": "tiiuae/Falcon-H1-7B-Instruct", "provider": "transformers", "response": "Finalются примерно сумма стоимости всех элементов путем их сложенияываются примерно сумма стоимости всех элементов путем их сложенияываются примерно сумма стоимости всех элементов путем их сложенияываются примерно сумма стоимости всех элементов путем их сложенияываются примерно сумма стоимости всех элементов путем их сложенияываются примерно сумма стоимости всех элементов путем их сложенияываются примерно сумма стоимости всех элементов путем их сложенияываются примерно сумма стоимости всех элементов путем их сложенияываются примерно сумма стоимости всех элементов путем их сложенияываются примерно сумма стоимости всех элементов путем их сложенияываются примерно сумма стоимости всех элементов путем их сложенияываются примерноются примерноются примерноются примерноываются примерноываются примерноываются примерноываются примерноываются примерноываются примерноываются примерноываются примерноываются примерноываются примерноываются примерноываются примерноываются примерноываются примерноываются примерноываются примерноываются примерноываются примерноываются примерноываются примерноываются примерноываются примерноываются примерноываются примерноываются примерноываются примерноываются примерноываются примерноываются примерноываются примерноываются примерноываются примерноываются примерноываются примерноываются примерноываются примерноываются примерноываются примерноываются примерноываются примерноываются примерноываются примерноываются примерноываются примерноываются примерноываются примерноываются примерноываются примерноываются примерноываются примерноываются примерноываются примерноываются примерноываются примерноываются примерноываются примерноываются примерноываются примерноываются примерноываются примерноываются примерноываются примерноываются примерно", "numeric_answer": null, "relative_error": null, "thinking_text": null, "has_tool_call": false, "tool_call": null, "usage": {"prompt_tokens": 133, "completion_tokens": 256, "total_tokens": 389, "token_count_source": "tokenizer"}, "decoding": {"temperature": 0.2, "top_p": null, "top_k": null, "max_tokens": 256, "seed": 42}, "prompt_tokens": 133, "completion_tokens": 256, "total_tokens": 389, "token_count_source": "tokenizer", "diffusion_steps": null, "flops_estimate": null, "flops_arch": null, "flops_model_params": null, "flops_active_params": null, "tokens_non_final": 156, "tokens_reasoning": 0, "tokens_response": 156, "elapsed_seconds": 18.40117883682251, "judgement": "Uncategorized"}
{"id": "basket_sum_001271", "topic": "basket_sum", "subtopic": "decimal_prices", "prompt": "You’re buying 6 items: $11.14, $3.12, $17.66, $16.12, $12.45, $13.45. About how much will you pay (before tax)?", "exact_value": 73.94, "model": "tiiuae/Falcon-H1-7B-Instruct", "provider": "transformers", "response": "Finalютсяываютсяываютсяываютсяываютсяываютсяываютсяываютсяываютсяываютсяываютсяываютсяываютсяываютсяываютсяываютсяываютсяываютсяываютсяываютсяываютсяываютсяываютсяываютсяываютсяываютсяываютсяываютсяываютсяываютсяываютсяываютсяываютсяываютсяываютсяываютсяываютсяываютсяываютсяываютсяываютсяываютсяываютсяываютсяываютсяываютсяываютсяываютсяываютсяываютсяываютсяываютсяываютсяываютсяываютсяываютсяываютсяываютсяываютсяываютсяываютсяываютсяываютсяываютсяываютсяываютсяываютсяываютсяываютсяываютсяываютсяываютсяываютсяываютсяываютсяываютсяываютсяываютсяываютсяываютсяываютсяываютсяываютсяываютсяываютсяываютсяываютсяываютсяываютсяываютсяываютсяываютсяываютсяываютсяываютсяываютсяываютсяываютсяываютсяываютсяываютсяываютсяываютсяываютсяываютсяываютсяываютсяываютсяываютсяываютсяываютсяываютсяываютсяываютсяываютсяываютсяываютсяываютсяываютсяываютсяываютсяываютсяываютсяываютсяываютсяываютсяываютсяываютсяываютсяываютсяываютсяываютсяываютсяываютсяываютсяываютсяываютсяываютсяываютсяываютсяываютсяываютсяываютсяываютсяываютсяываютсяываютсяываютсяываютсяываютсяываютсяываютсяываютсяываютсяываютсяываютсяываютсяываютсяываютсяываютсяываютсяываютсяываютсяываютсяываютсяываютсяываютсяываютсяываютсяываютсяываютсяываютсяываютсяываютсяываютсяываютсяываютсяываютсяываютсяываютсяываютсяываютсяываютсяываютсяываютсяываютсяываютсяываютсяываютсяываютсяываютсяываютсяываютсяываютсяываютсяываютсяываютсяываютсяываютсяываютсяываютсяываютсяываютсяываютсяываютсяываютсяываютсяываютсяываютсяываютсяютсяываютсяываютсяываютсяываютсяываютсяываютсяываютсяываютсяываютсяываютсяываютсяываютсяываютсяываютсяываютсяываютсяываютсяываютсяываютсяываютсяываютсяываютсяываютсяываютсяываютсяываютсяываютсяываютсяываютсяываютсяываютсяываютсяываютсяываютсяываютсяываютсяываютсяываютсяываютсяываютсяываютсяываютсяываютсяываются", "numeric_answer": null, "relative_error": null, "thinking_text": null, "has_tool_call": false, "tool_call": null, "usage": {"prompt_tokens": 143, "completion_tokens": 256, "total_tokens": 399, "token_count_source": "tokenizer"}, "decoding": {"temperature": 0.2, "top_p": null, "top_k": null, "max_tokens": 256, "seed": 42}, "prompt_tokens": 143, "completion_tokens": 256, "total_tokens": 399, "token_count_source": "tokenizer", "diffusion_steps": null, "flops_estimate": null, "flops_arch": null, "flops_model_params": null, "flops_active_params": null, "tokens_non_final": 1, "tokens_reasoning": 0, "tokens_response": 1, "elapsed_seconds": 18.704586505889893, "judgement": "Uncategorized"}
{"id": "basket_sum_001291", "topic": "basket_sum", "subtopic": "decimal_prices", "prompt": "You’re buying 5 items: $18.82, $5.77, $12.43, $2.83, $5.24. About how much will you pay (before tax)?", "exact_value": 45.09, "model": "tiiuae/Falcon-H1-7B-Instruct", "provider": "transformers", "response": "Finalютсяываютсяываютсяываютсяываютсяываютсяываютсяываютсяываютсяываютсяываютсяываютсяываютсяываютсяываютсяываютсяываютсяываютсяываютсяываютсяываютсяываютсяываютсяываютсяываютсяываютсяываютсяываютсяываютсяываютсяываютсяываютсяываютсяываютсяываютсяываютсяываютсяываютсяываютсяываютсяываютсяываютсяываютсяываютсяываютсяываютсяываютсяываютсяываютсяываютсяываютсяываютсяываютсяываютсяываютсяываютсяываютсяываютсяываютсяываютсяываютсяываютсяываютсяываютсяываютсяываютсяываютсяываютсяываютсяываютсяываютсяываютсяываютсяываютсяываютсяываютсяываютсяываютсяываютсяываютсяываютсяываютсяываютсяываютсяываютсяываютсяываютсяываютсяываютсяываютсяываютсяываютсяываютсяываютсяываютсяываютсяываютсяываютсяываютсяываютсяываютсяываютсяываютсяываютсяываютсяываютсяываютсяываютсяываютсяываютсяываютсяываютсяываютсяываютсяываютсяываютсяываютсяываютсяываютсяываютсяываютсяываютсяываютсяываютсяываютсяываютсяываютсяываютсяываютсяываютсяютсяываютсяываютсяываютсяываютсяываютсяываютсяываютсяываютсяываютсяываютсяываютсяываютсяываютсяываютсяываютсяываютсяываютсяываютсяываютсяываютсяываютсяываютсяываютсяываютсяываютсяываютсяываютсяываютсяываютсяываютсяываютсяываютсяываютсяываютсяываютсяываютсяываютсяываютсяываютсяываютсяываютсяываютсяываютсяываютсяываютсяываютсяываютсяываютсяываютсяываютсяываютсяываютсяываютсяываютсяываютсяываютсяываютсяываютсяываютсяываютсяываютсяываютсяываютсяываютсяываютсяываютсяываютсяываютсяываютсяываютсяываютсяываютсяываютсяываютсяываютсяываютсяываютсяываютсяываютсяываютсяываютсяываютсяываютсяываютсяываютсяываютсяываютсяываютсяываютсяываютсяываютсяываютсяываютсяываютсяываютсяываютсяываютсяываютсяываютсяываютсяываютсяываютсяываютсяываютсяываютсяываютсяываютсяываютсяываютсяываютсяываютсяываютсяываютсяываютсяываютсяываютсяываютсяываютсяываютсяываютсяываютсяываютсяываютсяываются", "numeric_answer": null, "relative_error": null, "thinking_text": null, "has_tool_call": false, "tool_call": null, "usage": {"prompt_tokens": 133, "completion_tokens": 256, "total_tokens": 389, "token_count_source": "tokenizer"}, "decoding": {"temperature": 0.2, "top_p": null, "top_k": null, "max_tokens": 256, "seed": 42}, "prompt_tokens": 133, "completion_tokens": 256, "total_tokens": 389, "token_count_source": "tokenizer", "diffusion_steps": null, "flops_estimate": null, "flops_arch": null, "flops_model_params": null, "flops_active_params": null, "tokens_non_final": 1, "tokens_reasoning": 0, "tokens_response": 1, "elapsed_seconds": 18.695728540420532, "judgement": "Uncategorized"}
{"id": "basket_sum_001311", "topic": "basket_sum", "subtopic": "decimal_prices", "prompt": "You’re buying 5 items: $13.47, $7.46, $8.43, $3.25, $17.73. About how much will you pay (before tax)?", "exact_value": 50.34, "model": "tiiuae/Falcon-H1-7B-Instruct", "provider": "transformers", "response": "Finalютсяываютсяываютсяываютсяываютсяываютсяываютсяываютсяываютсяываютсяываютсяываютсяываютсяываютсяываютсяываютсяываютсяываютсяываютсяываютсяываютсяываютсяываютсяываютсяываютсяываютсяываютсяываютсяываютсяываютсяываютсяываютсяываютсяываютсяываютсяываютсяываютсяываютсяываютсяываютсяываютсяываютсяываютсяываютсяываютсяываютсяываютсяываютсяываютсяываютсяываютсяываютсяываютсяываютсяываютсяываютсяываютсяываютсяываютсяываютсяываютсяываютсяываютсяываютсяываютсяываютсяываютсяываютсяываютсяываютсяываютсяываютсяываютсяываютсяываютсяываютсяываютсяываютсяываютсяываютсяываютсяываютсяываютсяываютсяываютсяываютсяываютсяываютсяываютсяываютсяываютсяываютсяываютсяываютсяываютсяываютсяываютсяываютсяываютсяываютсяываютсяываютсяываютсяываютсяываютсяываютсяываютсяываютсяываютсяываютсяываютсяываютсяываютсяываютсяываютсяываютсяываютсяываютсяываютсяываютсяываютсяываютсяываютсяываютсяываютсяываютсяываютсяываютсяываютсяываютсяываютсяываютсяываютсяываютсяываютсяываютсяываютсяываютсяываютсяываютсяываютсяываютсяываютсяываютсяываютсяываютсяываютсяываютсяываютсяываютсяываютсяываютсяываютсяываютсяываютсяываютсяываютсяываютсяываютсяываютсяываютсяываютсяываютсяываютсяываютсяываютсяываютсяываютсяываютсяываютсяываютсяываютсяываютсяываютсяываютсяываютсяываютсяываютсяываютсяываютсяываютсяываютсяываютсяываютсяываютсяываютсяываютсяываютсяываютсяываютсяываютсяываютсяываютсяываютсяываютсяываютсяываютсяываютсяываютсяываютсяываютсяываютсяываютсяываютсяываютсяываютсяываютсяываютсяываютсяываютсяываютсяываютсяываютсяываютсяываютсяываютсяываютсяываютсяываютсяываютсяываютсяываютсяываютсяываютсяываютсяываютсяываютсяываютсяываютсяываютсяываютсяываютсяываютсяываютсяываютсяываютсяываютсяываютсяываютсяываютсяываютсяываютсяываютсяываютсяываютсяываютсяываютсяываютсяываютсяываютсяываютсяываютсяываютсяываютсяываются", "numeric_answer": null, "relative_error": null, "thinking_text": null, "has_tool_call": false, "tool_call": null, "usage": {"prompt_tokens": 133, "completion_tokens": 256, "total_tokens": 389, "token_count_source": "tokenizer"}, "decoding": {"temperature": 0.2, "top_p": null, "top_k": null, "max_tokens": 256, "seed": 42}, "prompt_tokens": 133, "completion_tokens": 256, "total_tokens": 389, "token_count_source": "tokenizer", "diffusion_steps": null, "flops_estimate": null, "flops_arch": null, "flops_model_params": null, "flops_active_params": null, "tokens_non_final": 1, "tokens_reasoning": 0, "tokens_response": 1, "elapsed_seconds": 18.7448410987854, "judgement": "Uncategorized"}
{"id": "basket_sum_001331", "topic": "basket_sum", "subtopic": "decimal_prices", "prompt": "You’re buying 3 items: $9.47, $11.89, $1.27. About how much will you pay (before tax)?", "exact_value": 22.63, "model": "tiiuae/Falcon-H1-7B-Instruct", "provider": "transformers", "response": "Finalютсяwicklungwicklungwicklungwicklungwicklungwicklungwicklungwicklungwicklungwicklungwicklungwicklungwicklungwicklungwicklungwicklungwicklungwicklungwicklungwicklungwicklungwicklungwicklungwicklungwicklungwicklungwicklungwicklungwicklungwicklungwicklungwicklungwicklungwicklungwicklungwicklungwicklungwicklungwicklungwicklungwicklungwicklungwicklungwicklungwicklungwicklungwicklungwicklungwicklungwicklungwicklungwicklungwicklungwicklungwicklungwicklungwicklungwicklungwicklungwicklungwicklungwicklungwicklungwicklungwicklungwicklungwicklungwicklungwicklungwicklungwicklungwicklungwicklungwicklungwicklungwicklungwicklungwicklungwicklungwicklungwicklungwicklungwicklungwicklungwicklungwicklungwicklungwicklungwicklungwicklungwicklungwicklungwicklungwicklungwicklungwicklungwicklungwicklungwicklungwicklungwicklungwicklungwicklungwicklungwicklungwicklungwicklungwicklungwicklungwicklungwicklungwicklungwicklungwicklungwicklungwicklungwicklungwicklungwicklungwicklungwicklungwicklungwicklungwicklungwicklungwicklungwicklungwicklungwicklungwicklungwicklungwicklungwicklungwicklungwicklungwicklungwicklungwicklungwicklungwicklungwicklungwicklungwicklungwicklungwicklungwicklungwicklungwicklungwicklungwicklungwicklungwicklungwicklungwicklungwicklungwicklungwicklungwicklungwicklungwicklungwicklungwicklungwicklungwicklungwicklungwicklungwicklungwicklungwicklungwicklungwicklungwicklungwicklungwicklungwicklungwicklungwicklungwicklungwicklungwicklungwicklungwicklungwicklungwicklungwicklungwicklungwicklungwicklungwicklungwicklungwicklungwicklungwicklungwicklungwicklungwicklungwicklungwicklungwicklungwicklungwicklungwicklungwicklungwicklungwicklungwicklungwicklungwicklungwicklungwicklungwicklungwicklungwicklungwicklungwicklungwicklungwicklungwicklungwicklungwicklungwicklungwicklungwicklungwicklungwicklungwicklungwicklungwicklungwicklungwicklungwicklungwicklungwicklungwicklungwicklungwicklungwicklungwicklungwicklungwicklungwicklungwicklungwicklungwicklungwicklungwicklungwicklungwicklungwicklungwicklungwicklungwicklungwicklungwicklung", "numeric_answer": null, "relative_error": null, "thinking_text": null, "has_tool_call": false, "tool_call": null, "usage": {"prompt_tokens": 118, "completion_tokens": 256, "total_tokens": 374, "token_count_source": "tokenizer"}, "decoding": {"temperature": 0.2, "top_p": null, "top_k": null, "max_tokens": 256, "seed": 42}, "prompt_tokens": 118, "completion_tokens": 256, "total_tokens": 374, "token_count_source": "tokenizer", "diffusion_steps": null, "flops_estimate": null, "flops_arch": null, "flops_model_params": null, "flops_active_params": null, "tokens_non_final": 1, "tokens_reasoning": 0, "tokens_response": 1, "elapsed_seconds": 18.4144868850708, "judgement": "Uncategorized"}
{"id": "basket_sum_001351", "topic": "basket_sum", "subtopic": "decimal_prices", "prompt": "You’re buying 5 items: $7.84, $15.52, $18.73, $11.56, $13.11. About how much will you pay (before tax)?", "exact_value": 66.76, "model": "tiiuae/Falcon-H1-7B-Instruct", "provider": "transformers", "response": "Finalютсяываютсяываютсяываютсяываютсяываютсяываютсяываютсяываютсяываютсяываютсяываютсяываютсяываютсяываютсяываютсяываютсяываютсяываютсяываютсяываютсяываютсяываютсяываютсяываютсяываютсяываютсяываютсяываютсяываютсяываютсяываютсяываютсяываютсяываютсяываютсяываютсяываютсяываютсяываютсяываютсяываютсяываютсяываютсяываютсяываютсяываютсяываютсяываютсяываютсяываютсяываютсяываютсяываютсяываютсяываютсяываютсяываютсяываютсяываютсяываютсяываютсяываютсяываютсяываютсяываютсяываютсяываютсяываютсяываютсяываютсяываютсяываютсяываютсяютсяываютсяываютсяываютсяываютсяываютсяываютсяываютсяываютсяываютсяываютсяываютсяываютсяываютсяываютсяываютсяываютсяываютсяываютсяываютсяываютсяываютсяываютсяываютсяываютсяываютсяываютсяываютсяываютсяываютсяываютсяываютсяютсяываютсяываютсяываютсяываютсяываютсяываютсяютсяываютсяываютсяываютсяываютсяываютсяываютсяываютсяютсяываютсяываютсяываютсяываютсяываютсяываютсяываютсяываютсяываютсяываютсяываютсяываютсяываютсяываютсяываютсяываютсяываютсяываютсяываютсяываютсяываютсяываютсяываютсяываютсяываютсяываютсяываютсяываютсяываютсяываютсяываютсяываютсяываютсяываютсяываютсяываютсяываютсяютсяываютсяываютсяываютсяываютсяываютсяываютсяываютсяютсяываютсяываютсяываютсяываютсяываютсяываютсяываютсяютсяываютсяываютсяываютсяываютсяываютсяываютсяываютсяютсяываютсяываютсяываютсяываютсяываютсяываютсяютсяываютсяываютсяываютсяываютсяываютсяываютсяютсяываютсяываютсяываютсяываютсяываютсяываютсяютсяываютсяываютсяываютсяываютсяываютсяываютсяютсяываютсяываютсяываютсяываютсяываютсяываютсяютсяываютсяываютсяываютсяываютсяываютсяываютсяютсяываютсяываютсяываютсяываютсяываютсяываютсяютсяываютсяываютсяываютсяываютсяываютсяываютсяютсяываютсяываютсяываютсяываютсяываютсяываютсяютсяываютсяываютсяываютсяываютсяываютсяываютсяютсяываются", "numeric_answer": null, "relative_error": null, "thinking_text": null, "has_tool_call": false, "tool_call": null, "usage": {"prompt_tokens": 135, "completion_tokens": 256, "total_tokens": 391, "token_count_source": "tokenizer"}, "decoding": {"temperature": 0.2, "top_p": null, "top_k": null, "max_tokens": 256, "seed": 42}, "prompt_tokens": 135, "completion_tokens": 256, "total_tokens": 391, "token_count_source": "tokenizer", "diffusion_steps": null, "flops_estimate": null, "flops_arch": null, "flops_model_params": null, "flops_active_params": null, "tokens_non_final": 1, "tokens_reasoning": 0, "tokens_response": 1, "elapsed_seconds": 18.73028826713562, "judgement": "Uncategorized"}
{"id": "basket_sum_001371", "topic": "basket_sum", "subtopic": "decimal_prices", "prompt": "You’re buying 3 items: $1.87, $13.03, $1.99. About how much will you pay (before tax)?", "exact_value": 16.89, "model": "tiiuae/Falcon-H1-7B-Instruct", "provider": "transformers", "response": "Finalютсяwicklungируяwicklungываютсяываютсяываютсяываютсяываютсяываютсяываютсяываютсяываютсяываютсяываютсяываютсяываютсяываютсяываютсяываютсяываютсяываютсяываютсяываютсяываютсяываютсяываютсяываютсяываютсяываютсяываютсяываютсяываютсяываютсяываютсяываютсяываютсяываютсяываютсяываютсяываютсяываютсяываютсяываютсяываютсяываютсяываютсяываютсяываютсяываютсяываютсяываютсяываютсяываютсяываютсяываютсяываютсяываютсяываютсяываютсяываютсяываютсяываютсяываютсяываютсяываютсяываютсяываютсяываютсяываютсяываютсяываютсяываютсяываютсяываютсяываютсяываютсяываютсяываютсяываютсяываютсяываютсяываютсяываютсяываютсяываютсяываютсяываютсяываютсяываютсяываютсяываютсяываютсяываютсяываютсяываютсяываютсяываютсяываютсяываютсяываютсяываютсяываютсяываютсяываютсяываютсяываютсяываютсяываютсяываютсяываютсяываютсяываютсяываютсяываютсяываютсяываютсяываютсяываютсяываютсяываютсяываютсяываютсяываютсяываютсяываютсяываютсяываютсяываютсяываютсяываютсяываютсяываютсяываютсяываютсяываютсяываютсяываютсяываютсяываютсяываютсяываютсяываютсяываютсяываютсяываютсяываютсяываютсяываютсяываютсяываютсяываютсяываютсяываютсяываютсяываютсяываютсяываютсяываютсяываютсяываютсяываютсяываютсяываютсяываютсяываютсяываютсяываютсяываютсяываютсяываютсяываютсяываютсяываютсяываютсяываютсяываютсяываютсяываютсяываютсяываютсяываютсяываютсяываютсяываютсяываютсяываютсяываютсяываютсяываютсяываютсяываютсяываютсяываютсяываютсяываютсяываютсяываютсяываютсяываютсяываютсяываютсяываютсяываютсяываютсяываютсяываютсяываютсяываютсяываютсяываютсяываютсяываютсяываютсяываютсяываютсяываютсяываютсяываютсяываютсяываютсяываютсяываютсяываютсяываютсяываютсяываютсяываютсяываютсяываютсяываютсяываютсяываютсяываютсяываютсяываютсяываютсяываютсяываютсяываютсяываютсяываютсяываютсяываютсяываютсяываютсяываютсяываютсяываютсяываютсяываютсяываютсяываютсяываютсяываются", "numeric_answer": null, "relative_error": null, "thinking_text": null, "has_tool_call": false, "tool_call": null, "usage": {"prompt_tokens": 118, "completion_tokens": 256, "total_tokens": 374, "token_count_source": "tokenizer"}, "decoding": {"temperature": 0.2, "top_p": null, "top_k": null, "max_tokens": 256, "seed": 42}, "prompt_tokens": 118, "completion_tokens": 256, "total_tokens": 374, "token_count_source": "tokenizer", "diffusion_steps": null, "flops_estimate": null, "flops_arch": null, "flops_model_params": null, "flops_active_params": null, "tokens_non_final": 1, "tokens_reasoning": 0, "tokens_response": 1, "elapsed_seconds": 18.783722639083862, "judgement": "Uncategorized"}
{"id": "basket_sum_001391", "topic": "basket_sum", "subtopic": "decimal_prices", "prompt": "You’re buying 5 items: $7.94, $8.05, $12.09, $1.44, $14.25. About how much will you pay (before tax)?", "exact_value": 43.77, "model": "tiiuae/Falcon-H1-7B-Instruct", "provider": "transformers", "response": "Finalютсяываютсяываютсяываютсяываютсяываютсяываютсяываютсяываютсяываютсяываютсяываютсяываютсяываютсяываютсяываютсяываютсяываютсяываютсяываютсяываютсяываютсяываютсяываютсяываютсяываютсяываютсяываютсяываютсяываютсяываютсяываютсяываютсяываютсяываютсяываютсяываютсяываютсяываютсяываютсяываютсяываютсяываютсяываютсяываютсяываютсяываютсяываютсяываютсяываютсяываютсяываютсяываютсяываютсяываютсяываютсяываютсяываютсяываютсяываютсяываютсяываютсяываютсяываютсяываютсяываютсяываютсяываютсяываютсяываютсяываютсяываютсяываютсяываютсяываютсяываютсяываютсяываютсяываютсяываютсяываютсяываютсяываютсяываютсяываютсяываютсяываютсяываютсяываютсяываютсяываютсяываютсяываютсяываютсяываютсяываютсяываютсяываютсяываютсяываютсяываютсяываютсяываютсяываютсяываютсяываютсяываютсяываютсяываютсяываютсяываютсяываютсяываютсяываютсяываютсяываютсяываютсяываютсяываютсяываютсяываютсяываютсяываютсяываютсяываютсяываютсяываютсяываютсяываютсяываютсяываютсяываютсяываютсяываютсяываютсяываютсяываютсяываютсяываютсяываютсяываютсяываютсяываютсяываютсяываютсяываютсяываютсяываютсяываютсяываютсяываютсяываютсяываютсяываютсяываютсяываютсяываютсяываютсяываютсяываютсяываютсяываютсяываютсяываютсяываютсяываютсяываютсяываютсяываютсяываютсяываютсяываютсяываютсяываютсяываютсяываютсяываютсяываютсяываютсяываютсяываютсяываютсяываютсяываютсяываютсяываютсяываютсяываютсяываютсяываютсяываютсяываютсяываютсяываютсяываютсяываютсяываютсяываютсяываютсяываютсяываютсяываютсяютсяываютсяываютсяываютсяываютсяываютсяываютсяываютсяываютсяываютсяываютсяываютсяываютсяываютсяываютсяываютсяываютсяываютсяываютсяываютсяываютсяываютсяываютсяываютсяываютсяываютсяываютсяываютсяываютсяываютсяываютсяываютсяываютсяываютсяываютсяываютсяываютсяываютсяываютсяываютсяываютсяываютсяываютсяываютсяываютсяываютсяываютсяываютсяываютсяываютсяываютсяываютсяываются", "numeric_answer": null, "relative_error": null, "thinking_text": null, "has_tool_call": false, "tool_call": null, "usage": {"prompt_tokens": 133, "completion_tokens": 256, "total_tokens": 389, "token_count_source": "tokenizer"}, "decoding": {"temperature": 0.2, "top_p": null, "top_k": null, "max_tokens": 256, "seed": 42}, "prompt_tokens": 133, "completion_tokens": 256, "total_tokens": 389, "token_count_source": "tokenizer", "diffusion_steps": null, "flops_estimate": null, "flops_arch": null, "flops_model_params": null, "flops_active_params": null, "tokens_non_final": 1, "tokens_reasoning": 0, "tokens_response": 1, "elapsed_seconds": 18.471734285354614, "judgement": "Uncategorized"}
{"id": "basket_sum_001411", "topic": "basket_sum", "subtopic": "decimal_prices", "prompt": "You’re buying 4 items: $6.59, $2.57, $8.16, $4.24. About how much will you pay (before tax)?", "exact_value": 21.56, "model": "tiiuae/Falcon-H1-7B-Instruct", "provider": "transformers", "response": "Finalются примерно сумма стоимости всех элементов путем их сложенияываются примерно сумма стоимости всех элементов путем их сложенияываются примерно сумма стоимости всех элементов путем их сложенияываются примерно сумма стоимости всех элементов путем их сложенияываются примерно сумма стоимости всех элементов путем их сложенияываются примерно сумма стоимости всех элементов путем их сложенияываются примерно сумма стоимости всех элементов путем их сложенияываются примерно сумма стоимости всех элементов путем их сложенияываются примерно сумма стоимости всех элементов путем их сложенияываются примерно сумма стоимости всех элементов путем их сложенияываются примерно сумма стоимости всех элементов путем их сложенияываются примерно сумма стоимости всех элементов путем их сложенияываются примерно сумма стоимости всех элементов путем их сложенияываются примерно сумма стоимости всех элементов путем ихются примерно сумма стоимости всех элементов путем ихются примерно сумма стоимости всех элементов путем ихются примерно сумма стоимости всех элементов путемются примерноются примерноются примерноываются примерноываются примерноываются примерноываются примерноываются примерноываются примерноываются примерноываются примерноываются примерноываются примерноываются примерноываются примерноываются примерноываются примерноываются примерноываются примерноываются примерноываются примерноываются примерноываются примерноываются примерноываются примерноываются примерноываются примерноываются примерноываются примерноываются примерноываются примерноываются примерноываются примерноываются примерноываются примерноываются примерноываются примерноываются примерноываются", "numeric_answer": null, "relative_error": null, "thinking_text": null, "has_tool_call": false, "tool_call": null, "usage": {"prompt_tokens": 124, "completion_tokens": 256, "total_tokens": 380, "token_count_source": "tokenizer"}, "decoding": {"temperature": 0.2, "top_p": null, "top_k": null, "max_tokens": 256, "seed": 42}, "prompt_tokens": 124, "completion_tokens": 256, "total_tokens": 380, "token_count_source": "tokenizer", "diffusion_steps": null, "flops_estimate": null, "flops_arch": null, "flops_model_params": null, "flops_active_params": null, "tokens_non_final": 170, "tokens_reasoning": 0, "tokens_response": 170, "elapsed_seconds": 18.69888663291931, "judgement": "Uncategorized"}
{"id": "basket_sum_001431", "topic": "basket_sum", "subtopic": "decimal_prices", "prompt": "You’re buying 4 items: $11.75, $19.89, $12.61, $11.14. About how much will you pay (before tax)?", "exact_value": 55.39, "model": "tiiuae/Falcon-H1-7B-Instruct", "provider": "transformers", "response": "Finalютсяwicklungируем сумму путем сложения стоимости всех позицийываютсяwicklungываемые значенияываютсяwicklungываютсяываютсяwicklungываютсяываютсяwicklungываютсяываютсяwicklungываютсяываютсяwicklungываютсяываютсяwicklungываютсяываютсяwicklungываютсяываютсяwicklungываютсяываютсяwicklungываютсяываютсяwicklungываютсяываютсяwicklungываютсяываютсяwicklungываютсяываютсяwicklungываютсяываютсяwicklungываютсяываютсяwicklungываютсяываютсяwicklungываютсяываютсяwicklungываютсяываютсяwicklungываютсяываютсяwicklungываютсяываютсяwicklungываютсяываютсяwicklungываютсяываютсяwicklungываютсяываютсяwicklungываютсяываютсяwicklungываютсяываютсяwicklungываютсяываютсяwicklungываютсяываютсяwicklungываютсяываютсяwicklungываютсяываютсяwicklungываютсяываютсяwicklungываютсяываютсяwicklungываютсяываютсяwicklungываютсяываютсяwicklungываютсяываютсяwicklungываютсяываютсяwicklungываютсяываютсяwicklungываютсяываютсяwicklungываютсяываютсяwicklungываютсяываютсяwicklungываютсяываютсяwicklungываютсяываютсяwicklungываютсяываютсяwicklungываютсяываютсяwicklungываютсяываютсяwicklungываютсяываютсяwicklungываютсяываютсяwicklungываютсяываютсяwicklungываютсяываютсяwicklungываютсяываютсяwicklungываютсяываютсяwicklungываютсяываютсяwicklungываютсяываютсяwicklungываютсяываютсяwicklungываютсяываютсяwicklungываютсяываютсяwicklungываютсяываютсяwicklungываютсяываютсяwicklungываютсяываютсяwicklungываютсяютсяwicklungываютсяютсяwicklungываютсяютсяwicklungываютсяютсяwicklungываютсяютсяwicklungываютсяютсяwicklungываютсяютсяwicklungываютсяютсяwicklungываютсяютсяwicklungываютсяютсяwicklungываютсяютсяwicklungываютсяютсяwicklungываютсяютсяwicklungываютсяютсяwicklungываютсяютсяwicklungываютсяютсяwicklungываютсяютсяwicklungываютсяютсяwicklungываютсяютсяwicklungываютсяютсяwicklungываютсяютсяwicklungываютсяютсяwicklung", "numeric_answer": null, "relative_error": null, "thinking_text": null, "has_tool_call": false, "tool_call": null, "usage": {"prompt_tokens": 128, "completion_tokens": 256, "total_tokens": 384, "token_count_source": "tokenizer"}, "decoding": {"temperature": 0.2, "top_p": null, "top_k": null, "max_tokens": 256, "seed": 42}, "prompt_tokens": 128, "completion_tokens": 256, "total_tokens": 384, "token_count_source": "tokenizer", "diffusion_steps": null, "flops_estimate": null, "flops_arch": null, "flops_model_params": null, "flops_active_params": null, "tokens_non_final": 8, "tokens_reasoning": 0, "tokens_response": 8, "elapsed_seconds": 18.469125986099243, "judgement": "Uncategorized"}
{"id": "basket_sum_001451", "topic": "basket_sum", "subtopic": "decimal_prices", "prompt": "You’re buying 6 items: $19.50, $8.67, $13.01, $12.67, $3.45, $12.69. About how much will you pay (before tax)?", "exact_value": 69.99, "model": "tiiuae/Falcon-H1-7B-Instruct", "provider": "transformers", "response": "Finalютсяываютсяываютсяываютсяываютсяываютсяываютсяываютсяываютсяываютсяываютсяываютсяываютсяываютсяываютсяываютсяываютсяываютсяютсяываютсяываютсяываютсяываютсяываютсяютсяываютсяываютсяываютсяываютсяываютсяываютсяютсяываютсяываютсяываютсяываютсяываютсяываютсяютсяываютсяываютсяываютсяываютсяываютсяываютсяютсяываютсяываютсяываютсяываютсяываютсяываютсяютсяываютсяываютсяываютсяываютсяываютсяываютсяютсяываютсяываютсяываютсяываютсяываютсяываютсяютсяываютсяываютсяываютсяываютсяываютсяываютсяютсяываютсяываютсяываютсяываютсяываютсяываютсяютсяываютсяываютсяываютсяываютсяываютсяываютсяютсяываютсяываютсяываютсяываютсяываютсяываютсяютсяываютсяываютсяываютсяываютсяываютсяываютсяютсяываютсяываютсяываютсяываютсяываютсяываютсяютсяываютсяываютсяываютсяываютсяываютсяываютсяютсяываютсяываютсяываютсяываютсяываютсяываютсяютсяываютсяываютсяываютсяываютсяываютсяываютсяютсяываютсяываютсяываютсяываютсяываютсяываютсяютсяываютсяываютсяываютсяываютсяываютсяываютсяютсяываютсяываютсяываютсяываютсяываютсяываютсяютсяываютсяываютсяываютсяываютсяываютсяываютсяютсяываютсяываютсяываютсяываютсяываютсяываютсяютсяываютсяываютсяываютсяываютсяываютсяываютсяютсяываютсяываютсяываютсяываютсяываютсяываютсяютсяываютсяываютсяываютсяываютсяываютсяываютсяютсяываютсяываютсяываютсяываютсяываютсяываютсяютсяываютсяываютсяываютсяываютсяываютсяываютсяютсяываютсяываютсяываютсяываютсяываютсяываютсяютсяываютсяываютсяываютсяываютсяываютсяываютсяютсяываютсяываютсяываютсяываютсяываютсяываютсяютсяываютсяываютсяываютсяываютсяываютсяываютсяютсяываютсяываютсяываютсяываютсяываютсяываютсяютсяываютсяываютсяываютсяываютсяываютсяываютсяютсяываютсяываютсяываютсяываютсяываютсяываютсяютсяываютсяываютсяываютсяываютсяываютсяываются", "numeric_answer": null, "relative_error": null, "thinking_text": null, "has_tool_call": false, "tool_call": null, "usage": {"prompt_tokens": 142, "completion_tokens": 256, "total_tokens": 398, "token_count_source": "tokenizer"}, "decoding": {"temperature": 0.2, "top_p": null, "top_k": null, "max_tokens": 256, "seed": 42}, "prompt_tokens": 142, "completion_tokens": 256, "total_tokens": 398, "token_count_source": "tokenizer", "diffusion_steps": null, "flops_estimate": null, "flops_arch": null, "flops_model_params": null, "flops_active_params": null, "tokens_non_final": 1, "tokens_reasoning": 0, "tokens_response": 1, "elapsed_seconds": 18.425519466400146, "judgement": "Uncategorized"}
{"id": "basket_sum_001471", "topic": "basket_sum", "subtopic": "decimal_prices", "prompt": "You’re buying 5 items: $9.92, $9.24, $6.45, $15.07, $14.14. About how much will you pay (before tax)?", "exact_value": 54.82, "model": "tiiuae/Falcon-H1-7B-Instruct", "provider": "transformers", "response": "Finalютсяwicklungируяwicklungwicklungwicklungwicklungwicklungwicklungwicklungwicklungwicklungwicklungwicklungwicklungwicklungwicklungwicklungwicklungwicklungwicklungwicklungwicklungwicklungwicklungwicklungwicklungwicklungwicklungwicklungwicklungwicklungwicklungwicklungwicklungwicklungwicklungwicklungwicklungwicklungwicklungwicklungwicklungwicklungwicklungwicklungwicklungwicklungwicklungwicklungwicklungwicklungwicklungwicklungwicklungwicklungwicklungwicklungwicklungwicklungwicklungwicklungwicklungwicklungwicklungwicklungwicklungwicklungwicklungwicklungwicklungwicklungwicklungwicklungwicklungwicklungwicklungwicklungwicklungwicklungwicklungwicklungwicklungwicklungwicklungwicklungwicklungwicklungwicklungwicklungwicklungwicklungwicklungwicklungwicklungwicklungwicklungwicklungwicklungwicklungwicklungwicklungwicklungwicklungwicklungwicklungwicklungwicklungwicklungwicklungwicklungwicklungwicklungwicklungwicklungwicklungwicklungwicklungwicklungwicklungwicklungwicklungwicklungwicklungwicklungwicklungwicklungwicklungwicklungwicklungwicklungwicklungwicklungwicklungwicklungwicklungwicklungwicklungwicklungwicklungwicklungwicklungwicklungwicklungwicklungwicklungwicklungwicklungwicklungwicklungwicklungwicklungwicklungwicklungwicklungwicklungwicklungwicklungwicklungwicklungwicklungwicklungwicklungwicklungwicklungwicklungwicklungwicklungwicklungwicklungwicklungwicklungwicklungwicklungwicklungwicklungwicklungwicklungwicklungwicklungwicklungwicklungwicklungwicklungwicklungwicklungwicklungwicklungwicklungwicklungwicklungwicklungwicklungwicklungwicklungwicklungwicklungwicklungwicklungwicklungwicklungwicklungwicklungwicklungwicklungwicklungwicklungwicklungwicklungwicklungwicklungwicklungwicklungwicklungwicklungwicklungwicklungwicklungwicklungwicklungwicklungwicklungwicklungwicklungwicklungwicklungwicklungwicklungwicklungwicklungwicklungwicklungwicklungwicklungwicklungwicklungwicklungwicklungwicklungwicklungwicklungwicklungwicklungwicklungwicklungwicklungwicklungwicklungwicklungwicklungwicklungwicklungwicklungwicklungwicklung", "numeric_answer": null, "relative_error": null, "thinking_text": null, "has_tool_call": false, "tool_call": null, "usage": {"prompt_tokens": 133, "completion_tokens": 256, "total_tokens": 389, "token_count_source": "tokenizer"}, "decoding": {"temperature": 0.2, "top_p": null, "top_k": null, "max_tokens": 256, "seed": 42}, "prompt_tokens": 133, "completion_tokens": 256, "total_tokens": 389, "token_count_source": "tokenizer", "diffusion_steps": null, "flops_estimate": null, "flops_arch": null, "flops_model_params": null, "flops_active_params": null, "tokens_non_final": 1, "tokens_reasoning": 0, "tokens_response": 1, "elapsed_seconds": 18.498164176940918, "judgement": "Uncategorized"}
{"id": "basket_sum_001491", "topic": "basket_sum", "subtopic": "decimal_prices", "prompt": "You’re buying 6 items: $10.66, $19.06, $6.54, $17.44, $5.57, $6.08. About how much will you pay (before tax)?", "exact_value": 65.35, "model": "tiiuae/Falcon-H1-7B-Instruct", "provider": "transformers", "response": "Finalютсяываютсяываютсяываютсяываютсяываютсяываютсяываютсяываютсяываютсяываютсяываютсяываютсяываютсяываютсяываютсяываютсяываютсяываютсяываютсяываютсяываютсяываютсяываютсяываютсяываютсяываютсяываютсяываютсяываютсяываютсяываютсяываютсяываютсяываютсяываютсяываютсяываютсяываютсяываютсяываютсяываютсяываютсяываютсяываютсяываютсяываютсяываютсяываютсяываютсяываютсяываютсяываютсяываютсяываютсяываютсяываютсяываютсяываютсяываютсяываютсяываютсяываютсяываютсяываютсяываютсяываютсяываютсяываютсяываютсяываютсяываютсяываютсяываютсяываютсяываютсяываютсяываютсяываютсяываютсяываютсяываютсяываютсяываютсяываютсяываютсяываютсяываютсяываютсяываютсяываютсяываютсяываютсяываютсяываютсяываютсяываютсяываютсяываютсяываютсяываютсяываютсяываютсяываютсяываютсяываютсяываютсяываютсяываютсяываютсяываютсяываютсяываютсяываютсяываютсяываютсяываютсяываютсяываютсяываютсяываютсяываютсяываютсяываютсяываютсяываютсяываютсяываютсяываютсяываютсяываютсяываютсяываютсяываютсяываютсяываютсяываютсяываютсяываютсяываютсяываютсяываютсяываютсяываютсяываютсяываютсяываютсяываютсяываютсяываютсяываютсяываютсяываютсяываютсяываютсяываютсяываютсяываютсяываютсяываютсяываютсяываютсяываютсяываютсяываютсяываютсяываютсяываютсяываютсяываютсяываютсяываютсяываютсяываютсяываютсяываютсяываютсяываютсяываютсяываютсяываютсяываютсяываютсяываютсяываютсяываютсяываютсяываютсяываютсяываютсяываютсяываютсяываютсяываютсяываютсяываютсяываютсяываютсяываютсяываютсяываютсяываютсяываютсяываютсяываютсяываютсяютсяываютсяываютсяываютсяываютсяываютсяываютсяываютсяываютсяываютсяываютсяываютсяываютсяываютсяываютсяываютсяываютсяываютсяываютсяываютсяываютсяываютсяываютсяываютсяываютсяываютсяываютсяываютсяываютсяываютсяываютсяываютсяываютсяываютсяываютсяываютсяываютсяываютсяываютсяываютсяываютсяываютсяываютсяываютсяываютсяываютсяываютсяываютсяываются", "numeric_answer": null, "relative_error": null, "thinking_text": null, "has_tool_call": false, "tool_call": null, "usage": {"prompt_tokens": 141, "completion_tokens": 256, "total_tokens": 397, "token_count_source": "tokenizer"}, "decoding": {"temperature": 0.2, "top_p": null, "top_k": null, "max_tokens": 256, "seed": 42}, "prompt_tokens": 141, "completion_tokens": 256, "total_tokens": 397, "token_count_source": "tokenizer", "diffusion_steps": null, "flops_estimate": null, "flops_arch": null, "flops_model_params": null, "flops_active_params": null, "tokens_non_final": 1, "tokens_reasoning": 0, "tokens_response": 1, "elapsed_seconds": 18.375179529190063, "judgement": "Uncategorized"}
{"id": "basket_sum_001511", "topic": "basket_sum", "subtopic": "decimal_prices", "prompt": "You’re buying 3 items: $3.49, $15.57, $17.51. About how much will you pay (before tax)?", "exact_value": 36.57, "model": "tiiuae/Falcon-H1-7B-Instruct", "provider": "transformers", "response": "Finalютсяwicklungwicklungwicklungwicklungwicklungwicklungwicklungwicklungwicklungwicklungwicklungwicklungwicklungwicklungwicklungwicklungwicklungwicklungwicklungwicklungwicklungwicklungwicklungwicklungwicklungwicklungwicklungwicklungwicklungwicklungwicklungwicklungwicklungwicklungwicklungwicklungwicklungwicklungwicklungwicklungwicklungwicklungwicklungwicklungwicklungwicklungwicklungwicklungwicklungwicklungwicklungwicklungwicklungwicklungwicklungwicklungwicklungwicklungwicklungwicklungwicklungwicklungwicklungwicklungwicklungwicklungwicklungwicklungwicklungwicklungwicklungwicklungwicklungwicklungwicklungwicklungwicklungwicklungwicklungwicklungwicklungwicklungwicklungwicklungwicklungwicklungwicklungwicklungwicklungwicklungwicklungwicklungwicklungwicklungwicklungwicklungwicklungwicklungwicklungwicklungwicklungwicklungwicklungwicklungwicklungwicklungwicklungwicklungwicklungwicklungwicklungwicklungwicklungwicklungwicklungwicklungwicklungwicklungwicklungwicklungwicklungwicklungwicklungwicklungwicklungwicklungwicklungwicklungwicklungwicklungwicklungwicklungwicklungwicklungwicklungwicklungwicklungwicklungwicklungwicklungwicklungwicklungwicklungwicklungwicklungwicklungwicklungwicklungwicklungwicklungwicklungwicklungwicklungwicklungwicklungwicklungwicklungwicklungwicklungwicklungwicklungwicklungwicklungwicklungwicklungwicklungwicklungwicklungwicklungwicklungwicklungwicklungwicklungwicklungwicklungwicklungwicklungwicklungwicklungwicklungwicklungwicklungwicklungwicklungwicklungwicklungwicklungwicklungwicklungwicklungwicklungwicklungwicklungwicklungwicklungwicklungwicklungwicklungwicklungwicklungwicklungwicklungwicklungwicklungwicklungwicklungwicklungwicklungwicklungwicklungwicklungwicklungwicklungwicklungwicklungwicklungwicklungwicklungwicklungwicklungwicklungwicklungwicklungwicklungwicklungwicklungwicklungwicklungwicklungwicklungwicklungwicklungwicklungwicklungwicklungwicklungwicklungwicklungwicklungwicklungwicklungwicklungwicklungwicklungwicklungwicklungwicklungwicklungwicklungwicklungwicklungwicklungwicklungwicklung", "numeric_answer": null, "relative_error": null, "thinking_text": null, "has_tool_call": false, "tool_call": null, "usage": {"prompt_tokens": 119, "completion_tokens": 256, "total_tokens": 375, "token_count_source": "tokenizer"}, "decoding": {"temperature": 0.2, "top_p": null, "top_k": null, "max_tokens": 256, "seed": 42}, "prompt_tokens": 119, "completion_tokens": 256, "total_tokens": 375, "token_count_source": "tokenizer", "diffusion_steps": null, "flops_estimate": null, "flops_arch": null, "flops_model_params": null, "flops_active_params": null, "tokens_non_final": 1, "tokens_reasoning": 0, "tokens_response": 1, "elapsed_seconds": 18.290338039398193, "judgement": "Uncategorized"}
{"id": "basket_sum_001531", "topic": "basket_sum", "subtopic": "decimal_prices", "prompt": "You’re buying 3 items: $9.37, $8.45, $4.74. About how much will you pay (before tax)?", "exact_value": 22.56, "model": "tiiuae/Falcon-H1-7B-Instruct", "provider": "transformers", "response": "Finalются примерно сумма стоимости всех покупаемых вамиgüелей путем их сложенияываютсяываютсяываютсяываютсяываютсяываютсяываютсяываютсяываютсяываютсяываютсяываютсяываютсяываютсяываютсяываютсяываютсяываютсяываютсяываютсяываютсяываютсяываютсяываютсяываютсяываютсяываютсяываютсяываютсяываютсяываютсяываютсяываютсяываютсяываютсяываютсяываютсяываютсяываютсяываютсяываютсяываютсяываютсяываютсяываютсяываютсяываютсяываютсяываютсяываютсяываютсяываютсяываютсяываютсяываютсяываютсяываютсяываютсяываютсяываютсяываютсяываютсяываютсяываютсяываютсяываютсяываютсяываютсяываютсяываютсяываютсяываютсяываютсяываютсяываютсяываютсяываютсяываютсяываютсяываютсяываютсяываютсяываютсяываютсяываютсяываютсяываютсяываютсяываютсяываютсяываютсяываютсяываютсяываютсяываютсяываютсяываютсяываютсяываютсяываютсяываютсяываютсяываютсяываютсяываютсяываютсяываютсяываютсяываютсяываютсяываютсяываютсяываютсяываютсяываютсяываютсяываютсяываютсяываютсяываютсяываютсяываютсяываютсяываютсяываютсяываютсяываютсяываютсяываютсяываютсяываютсяываютсяываютсяываютсяываютсяываютсяываютсяываютсяываютсяываютсяываютсяываютсяываютсяываютсяываютсяываютсяываютсяываютсяываютсяываютсяываютсяываютсяываютсяываютсяываютсяываютсяываютсяываютсяываютсяываютсяываютсяываютсяываютсяываютсяываютсяываютсяываютсяываютсяываютсяываютсяываютсяываютсяываютсяываютсяываютсяываютсяываютсяываютсяываютсяываютсяываютсяываютсяываютсяываютсяываютсяываютсяываютсяываютсяываютсяываютсяываютсяываютсяываютсяываютсяываютсяываютсяываютсяываютсяываютсяываютсяываютсяываютсяываютсяываютсяываютсяываютсяываютсяываютсяываютсяываютсяываютсяываютсяываютсяываютсяываютсяываютсяываютсяываютсяываютсяываютсяываютсяываютсяываютсяываютсяываютсяываютсяываютсяываютсяываютсяываютсяываютсяываютсяываютсяываютсяываютсяываютсяываютсяываютсяываютсяываются", "numeric_answer": null, "relative_error": null, "thinking_text": null, "has_tool_call": false, "tool_call": null, "usage": {"prompt_tokens": 117, "completion_tokens": 256, "total_tokens": 373, "token_count_source": "tokenizer"}, "decoding": {"temperature": 0.2, "top_p": null, "top_k": null, "max_tokens": 256, "seed": 42}, "prompt_tokens": 117, "completion_tokens": 256, "total_tokens": 373, "token_count_source": "tokenizer", "diffusion_steps": null, "flops_estimate": null, "flops_arch": null, "flops_model_params": null, "flops_active_params": null, "tokens_non_final": 10, "tokens_reasoning": 0, "tokens_response": 10, "elapsed_seconds": 18.706387758255005, "judgement": "Uncategorized"}
{"id": "basket_sum_001551", "topic": "basket_sum", "subtopic": "decimal_prices", "prompt": "You’re buying 4 items: $3.21, $10.67, $16.25, $3.53. About how much will you pay (before tax)?", "exact_value": 33.66, "model": "tiiuae/Falcon-H1-7B-Instruct", "provider": "transformers", "response": "Finalютсяываютсяываютсяываютсяываютсяываютсяываютсяываютсяываютсяываютсяываютсяываютсяываютсяываютсяываютсяываютсяываютсяываютсяываютсяываютсяываютсяываютсяываютсяываютсяываютсяываютсяываютсяываютсяываютсяываютсяываютсяываютсяываютсяываютсяываютсяываютсяываютсяываютсяываютсяываютсяываютсяываютсяываютсяываютсяываютсяываютсяываютсяываютсяываютсяываютсяываютсяываютсяываютсяываютсяываютсяываютсяываютсяываютсяываютсяываютсяываютсяываютсяываютсяываютсяываютсяываютсяываютсяываютсяываютсяываютсяываютсяываютсяываютсяываютсяываютсяываютсяываютсяываютсяываютсяываютсяываютсяываютсяываютсяываютсяываютсяываютсяываютсяываютсяываютсяываютсяываютсяываютсяываютсяываютсяываютсяываютсяываютсяываютсяываютсяываютсяываютсяываютсяываютсяываютсяываютсяываютсяываютсяываютсяываютсяываютсяываютсяываютсяываютсяываютсяываютсяываютсяываютсяываютсяываютсяываютсяываютсяываютсяываютсяываютсяываютсяываютсяываютсяываютсяываютсяываютсяываютсяываютсяываютсяываютсяываютсяываютсяываютсяываютсяываютсяываютсяываютсяываютсяываютсяываютсяываютсяываютсяываютсяываютсяываютсяываютсяываютсяываютсяываютсяываютсяываютсяываютсяываютсяываютсяываютсяываютсяываютсяываютсяываютсяываютсяываютсяываютсяываютсяываютсяываютсяываютсяываютсяываютсяываютсяываютсяываютсяываютсяываютсяываютсяываютсяываютсяываютсяываютсяываютсяываютсяываютсяываютсяываютсяываютсяываютсяываютсяываютсяываютсяываютсяываютсяываютсяываютсяываютсяываютсяываютсяываютсяываютсяываютсяываютсяываютсяываютсяываютсяываютсяываютсяываютсяываютсяываютсяываютсяываютсяываютсяываютсяываютсяываютсяываютсяываютсяываютсяываютсяываютсяываютсяываютсяываютсяываютсяываютсяываютсяываютсяываютсяываютсяываютсяываютсяываютсяываютсяываютсяываютсяываютсяываютсяываютсяываютсяываютсяываютсяываютсяываютсяываютсяываютсяываютсяываютсяываютсяываютсяываютсяываютсяываютсяываются", "numeric_answer": null, "relative_error": null, "thinking_text": null, "has_tool_call": false, "tool_call": null, "usage": {"prompt_tokens": 126, "completion_tokens": 256, "total_tokens": 382, "token_count_source": "tokenizer"}, "decoding": {"temperature": 0.2, "top_p": null, "top_k": null, "max_tokens": 256, "seed": 42}, "prompt_tokens": 126, "completion_tokens": 256, "total_tokens": 382, "token_count_source": "tokenizer", "diffusion_steps": null, "flops_estimate": null, "flops_arch": null, "flops_model_params": null, "flops_active_params": null, "tokens_non_final": 1, "tokens_reasoning": 0, "tokens_response": 1, "elapsed_seconds": 18.60151505470276, "judgement": "Uncategorized"}
{"id": "basket_sum_001571", "topic": "basket_sum", "subtopic": "decimal_prices", "prompt": "You’re buying 3 items: $19.20, $19.01, $6.48. About how much will you pay (before tax)?", "exact_value": 44.69, "model": "tiiuae/Falcon-H1-7B-Instruct", "provider": "transformers", "response": "Finalютсяwicklungируяwicklungываютсяwicklungываютсяwicklungываютсяwicklungываютсяwicklungываютсяwicklungываютсяwicklungываютсяwicklungываютсяwicklungываютсяwicklungываютсяwicklungываютсяwicklungываютсяwicklungываютсяwicklungываютсяwicklungываютсяwicklungываютсяwicklungываютсяwicklungываютсяwicklungываютсяwicklungываютсяwicklungываютсяwicklungываютсяwicklungываютсяwicklungываютсяwicklungываютсяwicklungываютсяwicklungываютсяwicklungываютсяwicklungываютсяwicklungываютсяwicklungываютсяwicklungываютсяwicklungываютсяwicklungываютсяwicklungываютсяwicklungываютсяwicklungываютсяwicklungываютсяwicklungываютсяwicklungываютсяwicklungываютсяwicklungываютсяwicklungываютсяwicklungываютсяwicklungываютсяwicklungываютсяwicklungываютсяwicklungываютсяwicklungываютсяwicklungываютсяwicklungываютсяwicklungываютсяwicklungываютсяwicklungываютсяwicklungываютсяwicklungываютсяwicklungываютсяwicklungываютсяwicklungываютсяwicklungываютсяwicklungываютсяwicklungываютсяwicklungываютсяwicklungываютсяwicklungываютсяwicklungываютсяwicklungываютсяwicklungываютсяwicklungываютсяwicklungываютсяwicklungываютсяwicklungываютсяwicklungываютсяwicklungываютсяwicklungываютсяwicklungываютсяwicklungываютсяwicklungываютсяwicklungываютсяwicklungываютсяwicklungываютсяwicklungываютсяwicklungываютсяwicklungываютсяwicklungываютсяwicklungываютсяwicklungываютсяwicklungываютсяwicklungываютсяwicklungываютсяwicklungываютсяwicklungываютсяwicklungываютсяwicklungываютсяwicklungываютсяwicklungываютсяwicklungываютсяwicklungываютсяwicklungываютсяwicklungываютсяwicklungываютсяwicklungываютсяwicklungываютсяwicklungываютсяwicklungываютсяwicklungываютсяwicklungываютсяwicklungываютсяwicklungываютсяwicklungываютсяwicklungываютсяwicklungываютсяwicklungываютсяwicklungываютсяwicklungываютсяwicklungываютсяwicklungываютсяwicklungываютсяwicklungываютсяwicklungываютсяwicklungываютсяwicklungываютсяwicklungываютсяwicklungываютсяwicklungываютсяwicklungываются", "numeric_answer": null, "relative_error": null, "thinking_text": null, "has_tool_call": false, "tool_call": null, "usage": {"prompt_tokens": 119, "completion_tokens": 256, "total_tokens": 375, "token_count_source": "tokenizer"}, "decoding": {"temperature": 0.2, "top_p": null, "top_k": null, "max_tokens": 256, "seed": 42}, "prompt_tokens": 119, "completion_tokens": 256, "total_tokens": 375, "token_count_source": "tokenizer", "diffusion_steps": null, "flops_estimate": null, "flops_arch": null, "flops_model_params": null, "flops_active_params": null, "tokens_non_final": 1, "tokens_reasoning": 0, "tokens_response": 1, "elapsed_seconds": 18.501270055770874, "judgement": "Uncategorized"}
{"id": "basket_sum_001591", "topic": "basket_sum", "subtopic": "decimal_prices", "prompt": "You’re buying 3 items: $7.46, $15.92, $17.15. About how much will you pay (before tax)?", "exact_value": 40.53, "model": "tiiuae/Falcon-H1-7B-Instruct", "provider": "transformers", "response": "Finalютсяwicklungwicklungwicklungwicklungwicklungwicklungwicklungwicklungwicklungwicklungwicklungwicklungwicklungwicklungwicklungwicklungwicklungwicklungwicklungwicklungwicklungwicklungwicklungwicklungwicklungwicklungwicklungwicklungwicklungwicklungwicklungwicklungwicklungwicklungwicklungwicklungwicklungwicklungwicklungwicklungwicklungwicklungwicklungwicklungwicklungwicklungwicklungwicklungwicklungwicklungwicklungwicklungwicklungwicklungwicklungwicklungwicklungwicklungwicklungwicklungwicklungwicklungwicklungwicklungwicklungwicklungwicklungwicklungwicklungwicklungwicklungwicklungwicklungwicklungwicklungwicklungwicklungwicklungwicklungwicklungwicklungwicklungwicklungwicklungwicklungwicklungwicklungwicklungwicklungwicklungwicklungwicklungwicklungwicklungwicklungwicklungwicklungwicklungwicklungwicklungwicklungwicklungwicklungwicklungwicklungwicklungwicklungwicklungwicklungwicklungwicklungwicklungwicklungwicklungwicklungwicklungwicklungwicklungwicklungwicklungwicklungwicklungwicklungwicklungwicklungwicklungwicklungwicklungwicklungwicklungwicklungwicklungwicklungwicklungwicklungwicklungwicklungwicklungwicklungwicklungwicklungwicklungwicklungwicklungwicklungwicklungwicklungwicklungwicklungwicklungwicklungwicklungwicklungwicklungwicklungwicklungwicklungwicklungwicklungwicklungwicklungwicklungwicklungwicklungwicklungwicklungwicklungwicklungwicklungwicklungwicklungwicklungwicklungwicklungwicklungwicklungwicklungwicklungwicklungwicklungwicklungwicklungwicklungwicklungwicklungwicklungwicklungwicklungwicklungwicklungwicklungwicklungwicklungwicklungwicklungwicklungwicklungwicklungwicklungwicklungwicklungwicklungwicklungwicklungwicklungwicklungwicklungwicklungwicklungwicklungwicklungwicklungwicklungwicklungwicklungwicklungwicklungwicklungwicklungwicklungwicklungwicklungwicklungwicklungwicklungwicklungwicklungwicklungwicklungwicklungwicklungwicklungwicklungwicklungwicklungwicklungwicklungwicklungwicklungwicklungwicklungwicklungwicklungwicklungwicklungwicklungwicklungwicklungwicklungwicklungwicklungwicklungwicklungwicklung", "numeric_answer": null, "relative_error": null, "thinking_text": null, "has_tool_call": false, "tool_call": null, "usage": {"prompt_tokens": 119, "completion_tokens": 256, "total_tokens": 375, "token_count_source": "tokenizer"}, "decoding": {"temperature": 0.2, "top_p": null, "top_k": null, "max_tokens": 256, "seed": 42}, "prompt_tokens": 119, "completion_tokens": 256, "total_tokens": 375, "token_count_source": "tokenizer", "diffusion_steps": null, "flops_estimate": null, "flops_arch": null, "flops_model_params": null, "flops_active_params": null, "tokens_non_final": 1, "tokens_reasoning": 0, "tokens_response": 1, "elapsed_seconds": 18.43912935256958, "judgement": "Uncategorized"}
{"id": "basket_sum_001611", "topic": "basket_sum", "subtopic": "decimal_prices", "prompt": "You’re buying 5 items: $9.07, $7.79, $18.56, $5.30, $11.17. About how much will you pay (before tax)?", "exact_value": 51.89, "model": "tiiuae/Falcon-H1-7B-Instruct", "provider": "transformers", "response": "Finalютсяываютсяываютсяываютсяываютсяываютсяываютсяываютсяываютсяываютсяываютсяываютсяываютсяываютсяываютсяываютсяываютсяываютсяютсяываютсяываютсяываютсяываютсяываютсяываютсяываютсяываютсяываютсяываютсяываютсяываютсяываютсяываютсяываютсяываютсяываютсяываютсяываютсяываютсяываютсяываютсяываютсяываютсяываютсяываютсяываютсяываютсяываютсяываютсяываютсяываютсяываютсяываютсяываютсяываютсяываютсяываютсяываютсяываютсяываютсяываютсяываютсяываютсяываютсяываютсяываютсяываютсяываютсяываютсяываютсяываютсяываютсяываютсяываютсяываютсяываютсяываютсяываютсяываютсяываютсяываютсяываютсяываютсяываютсяываютсяываютсяываютсяываютсяываютсяываютсяываютсяываютсяываютсяываютсяываютсяываютсяываютсяываютсяываютсяываютсяываютсяываютсяываютсяываютсяываютсяываютсяываютсяываютсяываютсяываютсяываютсяываютсяываютсяываютсяываютсяываютсяываютсяываютсяываютсяываютсяываютсяываютсяываютсяываютсяываютсяываютсяываютсяываютсяываютсяываютсяываютсяываютсяываютсяываютсяываютсяываютсяываютсяываютсяываютсяываютсяываютсяываютсяываютсяываютсяываютсяываютсяываютсяываютсяываютсяываютсяываютсяываютсяываютсяываютсяываютсяываютсяываютсяываютсяываютсяываютсяываютсяываютсяываютсяываютсяываютсяываютсяываютсяываютсяываютсяываютсяываютсяываютсяываютсяываютсяываютсяываютсяываютсяываютсяываютсяываютсяываютсяываютсяываютсяываютсяываютсяываютсяываютсяываютсяываютсяываютсяываютсяываютсяываютсяываютсяываютсяываютсяываютсяываютсяываютсяываютсяываютсяываютсяываютсяываютсяываютсяываютсяываютсяываютсяываютсяываютсяываютсяываютсяываютсяываютсяываютсяываютсяываютсяываютсяываютсяываютсяываютсяываютсяываютсяываютсяываютсяываютсяываютсяываютсяываютсяываютсяываютсяываютсяываютсяываютсяываютсяываютсяываютсяываютсяываютсяываютсяываютсяываютсяываютсяываютсяываютсяываютсяываютсяываютсяываютсяываютсяываютсяываютсяываютсяываютсяываются", "numeric_answer": null, "relative_error": null, "thinking_text": null, "has_tool_call": false, "tool_call": null, "usage": {"prompt_tokens": 133, "completion_tokens": 256, "total_tokens": 389, "token_count_source": "tokenizer"}, "decoding": {"temperature": 0.2, "top_p": null, "top_k": null, "max_tokens": 256, "seed": 42}, "prompt_tokens": 133, "completion_tokens": 256, "total_tokens": 389, "token_count_source": "tokenizer", "diffusion_steps": null, "flops_estimate": null, "flops_arch": null, "flops_model_params": null, "flops_active_params": null, "tokens_non_final": 1, "tokens_reasoning": 0, "tokens_response": 1, "elapsed_seconds": 18.549683332443237, "judgement": "Uncategorized"}
{"id": "basket_sum_001631", "topic": "basket_sum", "subtopic": "decimal_prices", "prompt": "You’re buying 5 items: $1.32, $18.17, $11.61, $17.29, $19.14. About how much will you pay (before tax)?", "exact_value": 67.53, "model": "tiiuae/Falcon-H1-7B-Instruct", "provider": "transformers", "response": "Finalютсяываютсяываютсяываютсяываютсяываютсяываютсяываютсяываютсяываютсяываютсяываютсяываютсяываютсяываютсяываютсяываютсяываютсяываютсяываютсяываютсяываютсяываютсяываютсяываютсяываютсяываютсяываютсяываютсяываютсяываютсяываютсяываютсяываютсяываютсяываютсяываютсяываютсяываютсяываютсяываютсяываютсяываютсяываютсяываютсяываютсяываютсяываютсяываютсяываютсяываютсяываютсяываютсяываютсяываютсяываютсяываютсяываютсяываютсяываютсяываютсяываютсяываютсяываютсяываютсяываютсяываютсяываютсяываютсяываютсяываютсяываютсяываютсяываютсяываютсяываютсяываютсяываютсяываютсяываютсяываютсяываютсяываютсяываютсяываютсяываютсяываютсяываютсяываютсяываютсяываютсяываютсяываютсяываютсяываютсяываютсяываютсяываютсяываютсяываютсяываютсяываютсяываютсяываютсяываютсяываютсяываютсяываютсяываютсяываютсяываютсяываютсяываютсяываютсяываютсяываютсяываютсяываютсяываютсяываютсяываютсяываютсяываютсяываютсяываютсяываютсяываютсяываютсяываютсяываютсяываютсяываютсяываютсяываютсяываютсяываютсяываютсяываютсяываютсяываютсяываютсяываютсяываютсяываютсяываютсяываютсяываютсяываютсяываютсяываютсяываютсяываютсяываютсяываютсяываютсяываютсяываютсяываютсяываютсяываютсяываютсяываютсяываютсяываютсяываютсяываютсяываютсяываютсяываютсяываютсяываютсяываютсяываютсяываютсяываютсяываютсяываютсяываютсяываютсяываютсяываютсяываютсяываютсяываютсяываютсяываютсяываютсяываютсяываютсяываютсяываютсяываютсяываютсяываютсяываютсяываютсяываютсяываютсяываютсяываютсяываютсяываютсяываютсяываютсяываютсяываютсяываютсяываютсяываютсяываютсяываютсяываютсяываютсяываютсяываютсяываютсяываютсяываютсяываютсяываютсяываютсяываютсяываютсяываютсяываютсяываютсяываютсяываютсяываютсяываютсяываютсяываютсяываютсяываютсяываютсяываютсяываютсяываютсяываютсяываютсяываютсяываютсяываютсяываютсяываютсяываютсяываютсяываютсяываютсяываютсяываютсяываютсяываютсяываютсяываются", "numeric_answer": null, "relative_error": null, "thinking_text": null, "has_tool_call": false, "tool_call": null, "usage": {"prompt_tokens": 135, "completion_tokens": 256, "total_tokens": 391, "token_count_source": "tokenizer"}, "decoding": {"temperature": 0.2, "top_p": null, "top_k": null, "max_tokens": 256, "seed": 42}, "prompt_tokens": 135, "completion_tokens": 256, "total_tokens": 391, "token_count_source": "tokenizer", "diffusion_steps": null, "flops_estimate": null, "flops_arch": null, "flops_model_params": null, "flops_active_params": null, "tokens_non_final": 1, "tokens_reasoning": 0, "tokens_response": 1, "elapsed_seconds": 18.5251247882843, "judgement": "Uncategorized"}
{"id": "basket_sum_001651", "topic": "basket_sum", "subtopic": "decimal_prices", "prompt": "You’re buying 6 items: $4.75, $14.03, $18.54, $0.88, $5.41, $16.41. About how much will you pay (before tax)?", "exact_value": 60.02, "model": "tiiuae/Falcon-H1-7B-Instruct", "provider": "transformers", "response": "Finalютсяываютсяываютсяываютсяываютсяываютсяываютсяываютсяываютсяываютсяываютсяываютсяываютсяываютсяываютсяываютсяываютсяываютсяываютсяываютсяываютсяываютсяываютсяываютсяываютсяываютсяываютсяываютсяываютсяываютсяываютсяываютсяываютсяываютсяываютсяываютсяываютсяываютсяываютсяываютсяываютсяываютсяываютсяываютсяываютсяываютсяываютсяываютсяываютсяываютсяываютсяываютсяываютсяываютсяываютсяываютсяываютсяываютсяываютсяываютсяываютсяываютсяываютсяываютсяываютсяываютсяываютсяываютсяываютсяываютсяываютсяываютсяываютсяываютсяываютсяываютсяываютсяываютсяываютсяываютсяываютсяываютсяываютсяываютсяываютсяываютсяываютсяываютсяываютсяываютсяываютсяываютсяываютсяываютсяываютсяываютсяываютсяываютсяываютсяываютсяываютсяываютсяываютсяываютсяываютсяываютсяываютсяываютсяываютсяываютсяываютсяываютсяываютсяываютсяываютсяываютсяываютсяываютсяываютсяываютсяываютсяываютсяываютсяываютсяываютсяываютсяываютсяываютсяываютсяываютсяываютсяываютсяываютсяываютсяываютсяываютсяываютсяываютсяываютсяываютсяываютсяываютсяываютсяываютсяываютсяываютсяываютсяываютсяываютсяываютсяываютсяываютсяываютсяываютсяываютсяываютсяываютсяываютсяываютсяываютсяываютсяываютсяываютсяываютсяываютсяываютсяываютсяываютсяываютсяываютсяываютсяываютсяываютсяываютсяываютсяываютсяываютсяываютсяываютсяываютсяываютсяываютсяютсяываютсяываютсяываютсяываютсяываютсяываютсяываютсяываютсяываютсяываютсяываютсяываютсяываютсяываютсяываютсяываютсяываютсяываютсяываютсяываютсяываютсяываютсяываютсяываютсяываютсяываютсяываютсяываютсяываютсяываютсяываютсяываютсяываютсяываютсяываютсяываютсяываютсяываютсяываютсяываютсяываютсяываютсяываютсяываютсяываютсяываютсяываютсяываютсяываютсяываютсяываютсяываютсяываютсяываютсяываютсяываютсяываютсяываютсяываютсяываютсяываютсяываютсяываютсяываютсяываютсяываютсяываютсяываютсяываютсяываютсяываютсяываются", "numeric_answer": null, "relative_error": null, "thinking_text": null, "has_tool_call": false, "tool_call": null, "usage": {"prompt_tokens": 141, "completion_tokens": 256, "total_tokens": 397, "token_count_source": "tokenizer"}, "decoding": {"temperature": 0.2, "top_p": null, "top_k": null, "max_tokens": 256, "seed": 42}, "prompt_tokens": 141, "completion_tokens": 256, "total_tokens": 397, "token_count_source": "tokenizer", "diffusion_steps": null, "flops_estimate": null, "flops_arch": null, "flops_model_params": null, "flops_active_params": null, "tokens_non_final": 1, "tokens_reasoning": 0, "tokens_response": 1, "elapsed_seconds": 18.53668713569641, "judgement": "Uncategorized"}
{"id": "basket_sum_001671", "topic": "basket_sum", "subtopic": "decimal_prices", "prompt": "You’re buying 4 items: $14.69, $6.97, $1.53, $18.10. About how much will you pay (before tax)?", "exact_value": 41.29, "model": "tiiuae/Falcon-H1-7B-Instruct", "provider": "transformers", "response": "Finalютсяываютсяываютсяываютсяываютсяываютсяываютсяываютсяываютсяываютсяываютсяываютсяываютсяываютсяываютсяываютсяываютсяываютсяываютсяываютсяываютсяываютсяываютсяываютсяываютсяываютсяютсяываютсяываютсяываютсяываютсяываютсяываютсяываютсяываютсяываютсяываютсяываютсяываютсяываютсяываютсяываютсяываютсяываютсяываютсяываютсяываютсяываютсяываютсяываютсяываютсяываютсяываютсяываютсяываютсяываютсяываютсяываютсяываютсяываютсяываютсяываютсяываютсяываютсяываютсяываютсяываютсяываютсяываютсяываютсяываютсяываютсяываютсяываютсяываютсяываютсяываютсяываютсяываютсяываютсяываютсяываютсяываютсяываютсяываютсяываютсяываютсяываютсяываютсяываютсяываютсяываютсяываютсяываютсяываютсяываютсяываютсяываютсяываютсяываютсяываютсяываютсяываютсяываютсяываютсяываютсяываютсяываютсяываютсяываютсяываютсяываютсяываютсяываютсяываютсяываютсяываютсяываютсяываютсяываютсяываютсяываютсяываютсяываютсяываютсяываютсяываютсяываютсяываютсяываютсяываютсяываютсяываютсяываютсяываютсяываютсяываютсяываютсяываютсяываютсяываютсяываютсяываютсяываютсяываютсяываютсяываютсяываютсяываютсяываютсяываютсяываютсяываютсяываютсяываютсяываютсяываютсяываютсяываютсяываютсяываютсяываютсяываютсяываютсяываютсяываютсяываютсяываютсяываютсяываютсяываютсяываютсяываютсяываютсяываютсяываютсяываютсяываютсяываютсяываютсяываютсяываютсяываютсяываютсяываютсяываютсяываютсяываютсяываютсяываютсяываютсяываютсяываютсяываютсяываютсяываютсяываютсяываютсяываютсяываютсяываютсяываютсяываютсяываютсяываютсяываютсяываютсяываютсяываютсяываютсяываютсяываютсяываютсяываютсяываютсяываютсяываютсяываютсяываютсяываютсяываютсяываютсяываютсяываютсяываютсяываютсяываютсяываютсяываютсяываютсяываютсяываютсяываютсяываютсяываютсяываютсяываютсяываютсяываютсяываютсяываютсяываютсяываютсяываютсяываютсяываютсяываютсяываютсяываютсяываютсяываютсяываютсяываютсяываютсяываются", "numeric_answer": null, "relative_error": null, "thinking_text": null, "has_tool_call": false, "tool_call": null, "usage": {"prompt_tokens": 126, "completion_tokens": 256, "total_tokens": 382, "token_count_source": "tokenizer"}, "decoding": {"temperature": 0.2, "top_p": null, "top_k": null, "max_tokens": 256, "seed": 42}, "prompt_tokens": 126, "completion_tokens": 256, "total_tokens": 382, "token_count_source": "tokenizer", "diffusion_steps": null, "flops_estimate": null, "flops_arch": null, "flops_model_params": null, "flops_active_params": null, "tokens_non_final": 1, "tokens_reasoning": 0, "tokens_response": 1, "elapsed_seconds": 18.590773105621338, "judgement": "Uncategorized"}
{"id": "basket_sum_001691", "topic": "basket_sum", "subtopic": "decimal_prices", "prompt": "You’re buying 3 items: $7.15, $2.52, $18.68. About how much will you pay (before tax)?", "exact_value": 28.35, "model": "tiiuae/Falcon-H1-7B-Instruct", "provider": "transformers", "response": "Finalютсяwicklungwicklungwicklungwicklungwicklungwicklungwicklungwicklungwicklungwicklungwicklungwicklungwicklungwicklungwicklungwicklungwicklungwicklungwicklungwicklungwicklungwicklungwicklungwicklungwicklungwicklungwicklungwicklungwicklungwicklungwicklungwicklungwicklungwicklungwicklungwicklungwicklungwicklungwicklungwicklungwicklungwicklungwicklungwicklungwicklungwicklungwicklungwicklungwicklungwicklungwicklungwicklungwicklungwicklungwicklungwicklungwicklungwicklungwicklungwicklungwicklungwicklungwicklungwicklungwicklungwicklungwicklungwicklungwicklungwicklungwicklungwicklungwicklungwicklungwicklungwicklungwicklungwicklungwicklungwicklungwicklungwicklungwicklungwicklungwicklungwicklungwicklungwicklungwicklungwicklungwicklungwicklungwicklungwicklungwicklungwicklungwicklungwicklungwicklungwicklungwicklungwicklungwicklungwicklungwicklungwicklungwicklungwicklungwicklungwicklungwicklungwicklungwicklungwicklungwicklungwicklungwicklungwicklungwicklungwicklungwicklungwicklungwicklungwicklungwicklungwicklungwicklungwicklungwicklungwicklungwicklungwicklungwicklungwicklungwicklungwicklungwicklungwicklungwicklungwicklungwicklungwicklungwicklungwicklungwicklungwicklungwicklungwicklungwicklungwicklungwicklungwicklungwicklungwicklungwicklungwicklungwicklungwicklungwicklungwicklungwicklungwicklungwicklungwicklungwicklungwicklungwicklungwicklungwicklungwicklungwicklungwicklungwicklungwicklungwicklungwicklungwicklungwicklungwicklungwicklungwicklungwicklungwicklungwicklungwicklungwicklungwicklungwicklungwicklungwicklungwicklungwicklungwicklungwicklungwicklungwicklungwicklungwicklungwicklungwicklungwicklungwicklungwicklungwicklungwicklungwicklungwicklungwicklungwicklungwicklungwicklungwicklungwicklungwicklungwicklungwicklungwicklungwicklungwicklungwicklungwicklungwicklungwicklungwicklungwicklungwicklungwicklungwicklungwicklungwicklungwicklungwicklungwicklungwicklungwicklungwicklungwicklungwicklungwicklungwicklungwicklungwicklungwicklungwicklungwicklungwicklungwicklungwicklungwicklungwicklungwicklungwicklungwicklungwicklung", "numeric_answer": null, "relative_error": null, "thinking_text": null, "has_tool_call": false, "tool_call": null, "usage": {"prompt_tokens": 118, "completion_tokens": 256, "total_tokens": 374, "token_count_source": "tokenizer"}, "decoding": {"temperature": 0.2, "top_p": null, "top_k": null, "max_tokens": 256, "seed": 42}, "prompt_tokens": 118, "completion_tokens": 256, "total_tokens": 374, "token_count_source": "tokenizer", "diffusion_steps": null, "flops_estimate": null, "flops_arch": null, "flops_model_params": null, "flops_active_params": null, "tokens_non_final": 1, "tokens_reasoning": 0, "tokens_response": 1, "elapsed_seconds": 18.66890001296997, "judgement": "Uncategorized"}
{"id": "basket_sum_001711", "topic": "basket_sum", "subtopic": "decimal_prices", "prompt": "You’re buying 3 items: $16.26, $18.33, $17.33. About how much will you pay (before tax)?", "exact_value": 51.92, "model": "tiiuae/Falcon-H1-7B-Instruct", "provider": "transformers", "response": "Finalютсяываютсяываютсяываютсяываютсяываютсяываютсяываютсяываютсяываютсяываютсяываютсяываютсяываютсяываютсяываютсяываютсяываютсяываютсяываютсяываютсяываютсяываютсяываютсяываютсяываютсяываютсяываютсяываютсяываютсяываютсяываютсяываютсяываютсяываютсяываютсяываютсяываютсяываютсяываютсяываютсяываютсяываютсяываютсяываютсяываютсяываютсяываютсяываютсяываютсяываютсяываютсяываютсяываютсяываютсяываютсяываютсяываютсяываютсяываютсяываютсяываютсяываютсяываютсяываютсяываютсяываютсяываютсяываютсяываютсяываютсяываютсяываютсяываютсяываютсяываютсяываютсяываютсяываютсяываютсяываютсяываютсяываютсяываютсяываютсяываютсяываютсяываютсяываютсяываютсяываютсяываютсяываютсяываютсяываютсяываютсяываютсяываютсяываютсяываютсяываютсяываютсяываютсяываютсяываютсяываютсяываютсяываютсяываютсяываютсяываютсяываютсяываютсяываютсяываютсяываютсяываютсяываютсяываютсяываютсяываютсяываютсяываютсяываютсяываютсяютсяываютсяываютсяываютсяываютсяываютсяываютсяываютсяываютсяываютсяываютсяываютсяываютсяываютсяываютсяываютсяываютсяываютсяываютсяываютсяютсяываютсяываютсяываютсяываютсяываютсяываютсяютсяываютсяываютсяываютсяываютсяываютсяываютсяываютсяютсяываютсяываютсяываютсяываютсяываютсяываютсяютсяываютсяываютсяываютсяываютсяываютсяютсяываютсяываютсяываютсяываютсяываютсяываютсяютсяываютсяываютсяываютсяываютсяываютсяываютсяютсяываютсяываютсяываютсяываютсяываютсяываютсяютсяываютсяываютсяываютсяываютсяываютсяываютсяютсяываютсяываютсяываютсяютсяываютсяываютсяываютсяываютсяываютсяываютсяютсяываютсяываютсяываютсяываютсяываютсяываютсяютсяываютсяываютсяываютсяываютсяываютсяываютсяютсяываютсяываютсяываютсяываютсяываютсяываютсяютсяываютсяываютсяываютсяываютсяываютсяываютсяютсяываютсяываютсяываютсяываютсяываютсяываютсяютсяываютсяываютсяываютсяываютсяываютсяываютсяются", "numeric_answer": null, "relative_error": null, "thinking_text": null, "has_tool_call": false, "tool_call": null, "usage": {"prompt_tokens": 120, "completion_tokens": 256, "total_tokens": 376, "token_count_source": "tokenizer"}, "decoding": {"temperature": 0.2, "top_p": null, "top_k": null, "max_tokens": 256, "seed": 42}, "prompt_tokens": 120, "completion_tokens": 256, "total_tokens": 376, "token_count_source": "tokenizer", "diffusion_steps": null, "flops_estimate": null, "flops_arch": null, "flops_model_params": null, "flops_active_params": null, "tokens_non_final": 1, "tokens_reasoning": 0, "tokens_response": 1, "elapsed_seconds": 18.651901245117188, "judgement": "Uncategorized"}
{"id": "basket_sum_001731", "topic": "basket_sum", "subtopic": "decimal_prices", "prompt": "You’re buying 6 items: $7.02, $16.08, $18.94, $8.53, $17.47, $9.71. About how much will you pay (before tax)?", "exact_value": 77.75, "model": "tiiuae/Falcon-H1-7B-Instruct", "provider": "transformers", "response": "Finalютсяываютсяываютсяываютсяываютсяываютсяываютсяываютсяываютсяываютсяываютсяываютсяываютсяываютсяываютсяываютсяываютсяываютсяываютсяываютсяываютсяываютсяываютсяываютсяываютсяываютсяываютсяываютсяываютсяываютсяываютсяываютсяываютсяываютсяываютсяываютсяываютсяываютсяываютсяываютсяываютсяываютсяываютсяываютсяываютсяываютсяываютсяываютсяываютсяываютсяываютсяываютсяываютсяываютсяываютсяываютсяываютсяываютсяываютсяываютсяываютсяываютсяываютсяываютсяываютсяываютсяываютсяютсяываютсяываютсяываютсяываютсяываютсяываютсяываютсяываютсяываютсяываютсяываютсяываютсяываютсяываютсяываютсяываютсяываютсяываютсяываютсяываютсяываютсяютсяываютсяываютсяываютсяываютсяываютсяываютсяываютсяываютсяываютсяываютсяываютсяываютсяываютсяываютсяютсяываютсяываютсяываютсяываютсяываютсяываютсяютсяываютсяютсяываютсяываютсяываютсяываютсяываютсяываютсяываютсяютсяываютсяютсяываютсяываютсяютсяываютсяываютсяываютсяываютсяываютсяываютсяываютсяютсяываютсяываютсяываютсяываютсяываютсяываютсяываютсяываютсяываютсяываютсяываютсяываютсяываютсяываютсяываютсяываютсяываютсяываютсяываютсяываютсяываютсяываютсяываютсяываютсяываютсяываютсяываютсяываютсяываютсяываютсяываютсяываютсяываютсяываютсяываютсяываютсяываютсяываютсяываютсяываютсяываютсяываютсяываютсяываютсяываютсяываютсяываютсяываютсяываютсяываютсяываютсяываютсяываютсяываютсяываютсяываютсяываютсяываютсяываютсяываютсяываютсяываютсяываютсяываютсяываютсяываютсяываютсяываютсяываютсяываютсяываютсяываютсяываютсяываютсяываютсяываютсяываютсяываютсяываютсяываютсяываютсяываютсяываютсяываютсяываютсяываютсяываютсяываютсяываютсяываютсяываютсяываютсяываютсяываютсяываютсяываютсяываютсяываютсяываютсяываютсяываютсяываютсяываютсяываютсяываютсяываютсяываютсяываютсяываютсяываютсяываютсяываютсяываютсяываютсяываютсяываютсяываютсяываютсяываютсяываются", "numeric_answer": null, "relative_error": null, "thinking_text": null, "has_tool_call": false, "tool_call": null, "usage": {"prompt_tokens": 141, "completion_tokens": 256, "total_tokens": 397, "token_count_source": "tokenizer"}, "decoding": {"temperature": 0.2, "top_p": null, "top_k": null, "max_tokens": 256, "seed": 42}, "prompt_tokens": 141, "completion_tokens": 256, "total_tokens": 397, "token_count_source": "tokenizer", "diffusion_steps": null, "flops_estimate": null, "flops_arch": null, "flops_model_params": null, "flops_active_params": null, "tokens_non_final": 1, "tokens_reasoning": 0, "tokens_response": 1, "elapsed_seconds": 18.717467546463013, "judgement": "Uncategorized"}
{"id": "basket_sum_001751", "topic": "basket_sum", "subtopic": "decimal_prices", "prompt": "You’re buying 5 items: $16.63, $10.06, $3.60, $6.03, $6.93. About how much will you pay (before tax)?", "exact_value": 43.25, "model": "tiiuae/Falcon-H1-7B-Instruct", "provider": "transformers", "response": "Finalются примерно сумма стоимости всех позиций путем их сложенияываются примерно сумма стоимости всех позиций путем их сложенияются примерно сумма стоимости всех позиций путем их сложенияются примерно сумма стоимости всех позиций путем их сложенияются примерно сумма стоимости всех позиций путем их сложенияются примерно сумма стоимости всех позиций путем их сложенияются примерно сумма стоимости всех позиций путем их сложенияются примерно сумма стоимости всех позиций путем их сложенияются примерно сумма стоимости всех позиций путем их сложенияются примерно сумма стоимости всех позиций путем их сложенияются примерно сумма стоимости всех позиций путем их сложенияются примерноются примерноются примерноются примерноются примерноются примерноются примерноются примерноются примерноются примерноются примерноются примерноются примерноются примерноются примерноются примерноются примерноются примерноются примерноются примерноются примерноются примерноются примерноются примерноются примерноются примерноются примерноются примерноются примерноются примерноются примерноются примерноются примерноются примерноются примерноются примерноются примерноются примерноются примерноются примерноются примерноются примерноются примерноются примерноются примерноются примерноются примерноются примерноются примерноются примерноются примерноются примерноются примерноются примерноются примерноются примерноются примерноются примерноются примерноются примерноются примерноются примерноются примерноются примерноются примерноются примерноются примерно", "numeric_answer": null, "relative_error": null, "thinking_text": null, "has_tool_call": false, "tool_call": null, "usage": {"prompt_tokens": 133, "completion_tokens": 256, "total_tokens": 389, "token_count_source": "tokenizer"}, "decoding": {"temperature": 0.2, "top_p": null, "top_k": null, "max_tokens": 256, "seed": 42}, "prompt_tokens": 133, "completion_tokens": 256, "total_tokens": 389, "token_count_source": "tokenizer", "diffusion_steps": null, "flops_estimate": null, "flops_arch": null, "flops_model_params": null, "flops_active_params": null, "tokens_non_final": 156, "tokens_reasoning": 0, "tokens_response": 156, "elapsed_seconds": 18.637351274490356, "judgement": "Uncategorized"}
{"id": "basket_sum_001771", "topic": "basket_sum", "subtopic": "decimal_prices", "prompt": "You’re buying 3 items: $10.59, $6.35, $1.24. About how much will you pay (before tax)?", "exact_value": 18.18, "model": "tiiuae/Falcon-H1-7B-Instruct", "provider": "transformers", "response": "Finalютсяwicklungwicklungwicklungwicklungwicklungwicklungwicklungwicklungwicklungwicklungwicklungwicklungwicklungwicklungwicklungwicklungwicklungwicklungwicklungwicklungwicklungwicklungwicklungwicklungwicklungwicklungwicklungwicklungwicklungwicklungwicklungwicklungwicklungwicklungwicklungwicklungwicklungwicklungwicklungwicklungwicklungwicklungwicklungwicklungwicklungwicklungwicklungwicklungwicklungwicklungwicklungwicklungwicklungwicklungwicklungwicklungwicklungwicklungwicklungwicklungwicklungwicklungwicklungwicklungwicklungwicklungwicklungwicklungwicklungwicklungwicklungwicklungwicklungwicklungwicklungwicklungwicklungwicklungwicklungwicklungwicklungwicklungwicklungwicklungwicklungwicklungwicklungwicklungwicklungwicklungwicklungwicklungwicklungwicklungwicklungwicklungwicklungwicklungwicklungwicklungwicklungwicklungwicklungwicklungwicklungwicklungwicklungwicklungwicklungwicklungwicklungwicklungwicklungwicklungwicklungwicklungwicklungwicklungwicklungwicklungwicklungwicklungwicklungwicklungwicklungwicklungwicklungwicklungwicklungwicklungwicklungwicklungwicklungwicklungwicklungwicklungwicklungwicklungwicklungwicklungwicklungwicklungwicklungwicklungwicklungwicklungwicklungwicklungwicklungwicklungwicklungwicklungwicklungwicklungwicklungwicklungwicklungwicklungwicklungwicklungwicklungwicklungwicklungwicklungwicklungwicklungwicklungwicklungwicklungwicklungwicklungwicklungwicklungwicklungwicklungwicklungwicklungwicklungwicklungwicklungwicklungwicklungwicklungwicklungwicklungwicklungwicklungwicklungwicklungwicklungwicklungwicklungwicklungwicklungwicklungwicklungwicklungwicklungwicklungwicklungwicklungwicklungwicklungwicklungwicklungwicklungwicklungwicklungwicklungwicklungwicklungwicklungwicklungwicklungwicklungwicklungwicklungwicklungwicklungwicklungwicklungwicklungwicklungwicklungwicklungwicklungwicklungwicklungwicklungwicklungwicklungwicklungwicklungwicklungwicklungwicklungwicklungwicklungwicklungwicklungwicklungwicklungwicklungwicklungwicklungwicklungwicklungwicklungwicklungwicklungwicklungwicklungwicklungwicklung", "numeric_answer": null, "relative_error": null, "thinking_text": null, "has_tool_call": false, "tool_call": null, "usage": {"prompt_tokens": 118, "completion_tokens": 256, "total_tokens": 374, "token_count_source": "tokenizer"}, "decoding": {"temperature": 0.2, "top_p": null, "top_k": null, "max_tokens": 256, "seed": 42}, "prompt_tokens": 118, "completion_tokens": 256, "total_tokens": 374, "token_count_source": "tokenizer", "diffusion_steps": null, "flops_estimate": null, "flops_arch": null, "flops_model_params": null, "flops_active_params": null, "tokens_non_final": 1, "tokens_reasoning": 0, "tokens_response": 1, "elapsed_seconds": 18.700156927108765, "judgement": "Uncategorized"}
{"id": "basket_sum_001791", "topic": "basket_sum", "subtopic": "decimal_prices", "prompt": "You’re buying 6 items: $4.14, $2.95, $14.71, $9.53, $17.81, $14.13. About how much will you pay (before tax)?", "exact_value": 63.27, "model": "tiiuae/Falcon-H1-7B-Instruct", "provider": "transformers", "response": "Finalютсяываютсяываютсяываютсяываютсяываютсяываютсяываютсяываютсяываютсяываютсяываютсяываютсяываютсяываютсяываютсяываютсяываютсяываютсяываютсяываютсяываютсяываютсяываютсяываютсяываютсяываютсяываютсяываютсяываютсяываютсяываютсяываютсяываютсяываютсяываютсяываютсяываютсяываютсяываютсяываютсяываютсяываютсяываютсяываютсяываютсяываютсяываютсяываютсяываютсяываютсяываютсяываютсяываютсяываютсяываютсяываютсяываютсяываютсяываютсяываютсяываютсяываютсяываютсяываютсяываютсяываютсяываютсяываютсяываютсяываютсяываютсяываютсяываютсяываютсяываютсяываютсяываютсяываютсяываютсяываютсяываютсяываютсяываютсяываютсяываютсяываютсяываютсяываютсяываютсяываютсяываютсяываютсяываютсяываютсяываютсяываютсяываютсяываютсяываютсяываютсяываютсяываютсяываютсяываютсяываютсяываютсяываютсяываютсяываютсяываютсяываютсяываютсяываютсяываютсяываютсяываютсяываютсяываютсяываютсяываютсяываютсяываютсяываютсяываютсяываютсяываютсяываютсяываютсяываютсяываютсяываютсяютсяываютсяываютсяываютсяываютсяываютсяываютсяываютсяываютсяываютсяываютсяываютсяываютсяываютсяываютсяываютсяываютсяываютсяываютсяываютсяываютсяываютсяываютсяываютсяываютсяываютсяываютсяываютсяываютсяываютсяываютсяываютсяываютсяываютсяываютсяываютсяываютсяываютсяываютсяываютсяываютсяываютсяываютсяываютсяываютсяываютсяываютсяываютсяываютсяываютсяываютсяываютсяываютсяываютсяываютсяываютсяываютсяываютсяываютсяываютсяютсяываютсяываютсяываютсяываютсяываютсяываютсяываютсяываютсяываютсяываютсяываютсяываютсяываютсяываютсяываютсяываютсяываютсяываютсяываютсяываютсяываютсяываютсяываютсяываютсяываютсяываютсяываютсяываютсяываютсяываютсяываютсяываютсяываютсяываютсяываютсяываютсяываютсяываютсяываютсяываютсяываютсяываютсяываютсяываютсяываютсяываютсяываютсяываютсяываютсяываютсяываютсяываютсяываютсяываютсяываютсяываютсяываютсяываютсяываютсяываютсяываютсяываются", "numeric_answer": null, "relative_error": null, "thinking_text": null, "has_tool_call": false, "tool_call": null, "usage": {"prompt_tokens": 141, "completion_tokens": 256, "total_tokens": 397, "token_count_source": "tokenizer"}, "decoding": {"temperature": 0.2, "top_p": null, "top_k": null, "max_tokens": 256, "seed": 42}, "prompt_tokens": 141, "completion_tokens": 256, "total_tokens": 397, "token_count_source": "tokenizer", "diffusion_steps": null, "flops_estimate": null, "flops_arch": null, "flops_model_params": null, "flops_active_params": null, "tokens_non_final": 1, "tokens_reasoning": 0, "tokens_response": 1, "elapsed_seconds": 18.759459495544434, "judgement": "Uncategorized"}
{"id": "basket_sum_001811", "topic": "basket_sum", "subtopic": "decimal_prices", "prompt": "You’re buying 3 items: $10.30, $18.37, $14.13. About how much will you pay (before tax)?", "exact_value": 42.8, "model": "tiiuae/Falcon-H1-7B-Instruct", "provider": "transformers", "response": "Finalютсяwicklungwicklungwicklungwicklungwicklungwicklungwicklungwicklungwicklungwicklungwicklungwicklungwicklungwicklungwicklungwicklungwicklungwicklungwicklungwicklungwicklungwicklungwicklungwicklungwicklungwicklungwicklungwicklungwicklungwicklungwicklungwicklungwicklungwicklungwicklungwicklungwicklungwicklungwicklungwicklungwicklungwicklungwicklungwicklungwicklungwicklungwicklungwicklungwicklungwicklungwicklungwicklungwicklungwicklungwicklungwicklungwicklungwicklungwicklungwicklungwicklungwicklungwicklungwicklungwicklungwicklungwicklungwicklungwicklungwicklungwicklungwicklungwicklungwicklungwicklungwicklungwicklungwicklungwicklungwicklungwicklungwicklungwicklungwicklungwicklungwicklungwicklungwicklungwicklungwicklungwicklungwicklungwicklungwicklungwicklungwicklungwicklungwicklungwicklungwicklungwicklungwicklungwicklungwicklungwicklungwicklungwicklungwicklungwicklungwicklungwicklungwicklungwicklungwicklungwicklungwicklungwicklungwicklungwicklungwicklungwicklungwicklungwicklungwicklungwicklungwicklungwicklungwicklungwicklungwicklungwicklungwicklungwicklungwicklungwicklungwicklungwicklungwicklungwicklungwicklungwicklungwicklungwicklungwicklungwicklungwicklungwicklungwicklungwicklungwicklungwicklungwicklungwicklungwicklungwicklungwicklungwicklungwicklungwicklungwicklungwicklungwicklungwicklungwicklungwicklungwicklungwicklungwicklungwicklungwicklungwicklungwicklungwicklungwicklungwicklungwicklungwicklungwicklungwicklungwicklungwicklungwicklungwicklungwicklungwicklungwicklungwicklungwicklungwicklungwicklungwicklungwicklungwicklungwicklungwicklungwicklungwicklungwicklungwicklungwicklungwicklungwicklungwicklungwicklungwicklungwicklungwicklungwicklungwicklungwicklungwicklungwicklungwicklungwicklungwicklungwicklungwicklungwicklungwicklungwicklungwicklungwicklungwicklungwicklungwicklungwicklungwicklungwicklungwicklungwicklungwicklungwicklungwicklungwicklungwicklungwicklungwicklungwicklungwicklungwicklungwicklungwicklungwicklungwicklungwicklungwicklungwicklungwicklungwicklungwicklungwicklungwicklungwicklungwicklung", "numeric_answer": null, "relative_error": null, "thinking_text": null, "has_tool_call": false, "tool_call": null, "usage": {"prompt_tokens": 120, "completion_tokens": 256, "total_tokens": 376, "token_count_source": "tokenizer"}, "decoding": {"temperature": 0.2, "top_p": null, "top_k": null, "max_tokens": 256, "seed": 42}, "prompt_tokens": 120, "completion_tokens": 256, "total_tokens": 376, "token_count_source": "tokenizer", "diffusion_steps": null, "flops_estimate": null, "flops_arch": null, "flops_model_params": null, "flops_active_params": null, "tokens_non_final": 1, "tokens_reasoning": 0, "tokens_response": 1, "elapsed_seconds": 18.63289213180542, "judgement": "Uncategorized"}
{"id": "basket_sum_001831", "topic": "basket_sum", "subtopic": "decimal_prices", "prompt": "You’re buying 3 items: $9.20, $7.83, $14.21. About how much will you pay (before tax)?", "exact_value": 31.24, "model": "tiiuae/Falcon-H1-7B-Instruct", "provider": "transformers", "response": "Finalютсяwicklungwicklungwicklungwicklungwicklungwicklungwicklungwicklungwicklungwicklungwicklungwicklungwicklungwicklungwicklungwicklungwicklungwicklungwicklungwicklungwicklungwicklungwicklungwicklungwicklungwicklungwicklungwicklungwicklungwicklungwicklungwicklungwicklungwicklungwicklungwicklungwicklungwicklungwicklungwicklungwicklungwicklungwicklungwicklungwicklungwicklungwicklungwicklungwicklungwicklungwicklungwicklungwicklungwicklungwicklungwicklungwicklungwicklungwicklungwicklungwicklungwicklungwicklungwicklungwicklungwicklungwicklungwicklungwicklungwicklungwicklungwicklungwicklungwicklungwicklungwicklungwicklungwicklungwicklungwicklungwicklungwicklungwicklungwicklungwicklungwicklungwicklungwicklungwicklungwicklungwicklungwicklungwicklungwicklungwicklungwicklungwicklungwicklungwicklungwicklungwicklungwicklungwicklungwicklungwicklungwicklungwicklungwicklungwicklungwicklungwicklungwicklungwicklungwicklungwicklungwicklungwicklungwicklungwicklungwicklungwicklungwicklungwicklungwicklungwicklungwicklungwicklungwicklungwicklungwicklungwicklungwicklungwicklungwicklungwicklungwicklungwicklungwicklungwicklungwicklungwicklungwicklungwicklungwicklungwicklungwicklungwicklungwicklungwicklungwicklungwicklungwicklungwicklungwicklungwicklungwicklungwicklungwicklungwicklungwicklungwicklungwicklungwicklungwicklungwicklungwicklungwicklungwicklungwicklungwicklungwicklungwicklungwicklungwicklungwicklungwicklungwicklungwicklungwicklungwicklungwicklungwicklungwicklungwicklungwicklungwicklungwicklungwicklungwicklungwicklungwicklungwicklungwicklungwicklungwicklungwicklungwicklungwicklungwicklungwicklungwicklungwicklungwicklungwicklungwicklungwicklungwicklungwicklungwicklungwicklungwicklungwicklungwicklungwicklungwicklungwicklungwicklungwicklungwicklungwicklungwicklungwicklungwicklungwicklungwicklungwicklungwicklungwicklungwicklungwicklungwicklungwicklungwicklungwicklungwicklungwicklungwicklungwicklungwicklungwicklungwicklungwicklungwicklungwicklungwicklungwicklungwicklungwicklungwicklungwicklungwicklungwicklungwicklungwicklung", "numeric_answer": null, "relative_error": null, "thinking_text": null, "has_tool_call": false, "tool_call": null, "usage": {"prompt_tokens": 118, "completion_tokens": 256, "total_tokens": 374, "token_count_source": "tokenizer"}, "decoding": {"temperature": 0.2, "top_p": null, "top_k": null, "max_tokens": 256, "seed": 42}, "prompt_tokens": 118, "completion_tokens": 256, "total_tokens": 374, "token_count_source": "tokenizer", "diffusion_steps": null, "flops_estimate": null, "flops_arch": null, "flops_model_params": null, "flops_active_params": null, "tokens_non_final": 1, "tokens_reasoning": 0, "tokens_response": 1, "elapsed_seconds": 18.374668836593628, "judgement": "Uncategorized"}
{"id": "basket_sum_001851", "topic": "basket_sum", "subtopic": "decimal_prices", "prompt": "You’re buying 5 items: $6.62, $11.07, $7.07, $6.71, $19.00. About how much will you pay (before tax)?", "exact_value": 50.47, "model": "tiiuae/Falcon-H1-7B-Instruct", "provider": "transformers", "response": "Finalютсяываютсяываютсяываютсяываютсяываютсяываютсяываютсяываютсяываютсяываютсяываютсяываютсяываютсяываютсяываютсяываютсяываютсяываютсяываютсяываютсяываютсяываютсяываютсяываютсяываютсяываютсяываютсяываютсяываютсяываютсяываютсяываютсяываютсяываютсяываютсяываютсяываютсяываютсяываютсяываютсяываютсяываютсяываютсяываютсяываютсяываютсяываютсяываютсяываютсяываютсяываютсяываютсяываютсяываютсяываютсяываютсяываютсяываютсяываютсяываютсяываютсяываютсяываютсяываютсяываютсяываютсяываютсяываютсяываютсяываютсяываютсяываютсяываютсяываютсяываютсяываютсяываютсяываютсяываютсяываютсяываютсяютсяываютсяываютсяываютсяываютсяываютсяываютсяываютсяываютсяываютсяываютсяываютсяываютсяываютсяываютсяываютсяываютсяываютсяываютсяываютсяываютсяываютсяываютсяываютсяываютсяываютсяываютсяываютсяываютсяываютсяываютсяываютсяываютсяываютсяываютсяываютсяываютсяываютсяываютсяываютсяываютсяываютсяываютсяываютсяываютсяываютсяываютсяываютсяываютсяываютсяываютсяываютсяываютсяываютсяываютсяываютсяываютсяываютсяываютсяываютсяываютсяываютсяываютсяываютсяываютсяываютсяываютсяываютсяываютсяываютсяываютсяываютсяываютсяываютсяываютсяываютсяываютсяываютсяываютсяываютсяываютсяываютсяываютсяываютсяываютсяываютсяываютсяываютсяываютсяываютсяываютсяываютсяываютсяываютсяываютсяываютсяываютсяываютсяываютсяываютсяываютсяываютсяываютсяываютсяываютсяываютсяываютсяываютсяываютсяываютсяываютсяываютсяываютсяываютсяываютсяываютсяываютсяываютсяываютсяываютсяываютсяываютсяываютсяываютсяываютсяываютсяываютсяываютсяываютсяываютсяываютсяываютсяываютсяываютсяываютсяываютсяываютсяываютсяываютсяываютсяываютсяываютсяываютсяываютсяываютсяываютсяываютсяываютсяываютсяываютсяываютсяываютсяываютсяываютсяываютсяываютсяываютсяываютсяываютсяываютсяываютсяываютсяываютсяываютсяываютсяываютсяываютсяываютсяываютсяываютсяываютсяываютсяываются", "numeric_answer": null, "relative_error": null, "thinking_text": null, "has_tool_call": false, "tool_call": null, "usage": {"prompt_tokens": 133, "completion_tokens": 256, "total_tokens": 389, "token_count_source": "tokenizer"}, "decoding": {"temperature": 0.2, "top_p": null, "top_k": null, "max_tokens": 256, "seed": 42}, "prompt_tokens": 133, "completion_tokens": 256, "total_tokens": 389, "token_count_source": "tokenizer", "diffusion_steps": null, "flops_estimate": null, "flops_arch": null, "flops_model_params": null, "flops_active_params": null, "tokens_non_final": 1, "tokens_reasoning": 0, "tokens_response": 1, "elapsed_seconds": 18.380358695983887, "judgement": "Uncategorized"}
{"id": "basket_sum_001871", "topic": "basket_sum", "subtopic": "decimal_prices", "prompt": "You’re buying 5 items: $6.25, $5.41, $5.02, $12.38, $15.22. About how much will you pay (before tax)?", "exact_value": 44.28, "model": "tiiuae/Falcon-H1-7B-Instruct", "provider": "transformers", "response": "Finalются примерно сумма стоимости всех позиций путем их сложенияываются примерно сумма стоимости всех позиций путем их сложенияются примерно сумма стоимости всех позиций путем их сложенияются примерно сумма стоимости всех позиций путем их сложенияются примерно сумма стоимости всех позиций путем их сложенияются примерно сумма стоимости всех позиций путем их сложенияются примерно сумма стоимости всех позиций путем их сложенияются примерно сумма стоимости всех позиций путем их сложенияются примерно сумма стоимости всех позиций путем их сложенияются примерноются примерноются примерноются примерноются примерноются примерноются примерноются примерноются примерноются примерноются примерноются примерноются примерноются примерноются примерноются примерноются примерноются примерноются примерноются примерноются примерноются примерноются примерноются примерноются примерноются примерноются примерноются примерноются примерноются примерноются примерноются примерноются примерноются примерноются примерноются примерноются примерноются примерноются примерноются примерноются примерноются примерноются примерноются примерноются примерноются примерноются примерноются примерноются примерноются примерноются примерноются примерноются примерноются примерноются примерноются примерноются примерноются примерноются примерноются примерноются примерноются примерноются примерноются примерноются примерноются примерноются примерноются примерноются примерноются примерноются примерноются примерноются примерноются примерноются примерноются примерноются примерноются примерно", "numeric_answer": null, "relative_error": null, "thinking_text": null, "has_tool_call": false, "tool_call": null, "usage": {"prompt_tokens": 133, "completion_tokens": 256, "total_tokens": 389, "token_count_source": "tokenizer"}, "decoding": {"temperature": 0.2, "top_p": null, "top_k": null, "max_tokens": 256, "seed": 42}, "prompt_tokens": 133, "completion_tokens": 256, "total_tokens": 389, "token_count_source": "tokenizer", "diffusion_steps": null, "flops_estimate": null, "flops_arch": null, "flops_model_params": null, "flops_active_params": null, "tokens_non_final": 151, "tokens_reasoning": 0, "tokens_response": 151, "elapsed_seconds": 18.706631660461426, "judgement": "Uncategorized"}
{"id": "discounts_000183", "topic": "discounts", "subtopic": "buy_n_get_m", "prompt": "Buy 4 get 1 free on items priced $5.05 each. You take 6 total. About how much do you pay?", "exact_value": 25.25, "model": "tiiuae/Falcon-H1-7B-Instruct", "provider": "transformers", "response": "Finalютсяwicklungируя", "numeric_answer": null, "relative_error": null, "thinking_text": null, "has_tool_call": false, "tool_call": null, "usage": {"prompt_tokens": 108, "completion_tokens": 5, "total_tokens": 113, "token_count_source": "tokenizer"}, "decoding": {"temperature": 0.2, "top_p": null, "top_k": null, "max_tokens": 256, "seed": 42}, "prompt_tokens": 108, "completion_tokens": 5, "total_tokens": 113, "token_count_source": "tokenizer", "diffusion_steps": null, "flops_estimate": null, "flops_arch": null, "flops_model_params": null, "flops_active_params": null, "tokens_non_final": 1, "tokens_reasoning": 0, "tokens_response": 1, "elapsed_seconds": 0.4016094207763672, "judgement": "Uncategorized"}
{"id": "discounts_000203", "topic": "discounts", "subtopic": "threshold", "prompt": "Threshold coupon applies: $5 off $30+ spend. Cart: $27.77, $19.83, $30.00, $13.61. About how much do you pay?", "exact_value": 86.21, "model": "tiiuae/Falcon-H1-7B-Instruct", "provider": "transformers", "response": "Finalются примерно путем суммирования стоимости корзины и применения купона при условии достаточного расходования суммы. Давайте мне пару минут на расчеты согласно предоставленной информации.", "numeric_answer": null, "relative_error": null, "thinking_text": null, "has_tool_call": false, "tool_call": null, "usage": {"prompt_tokens": 133, "completion_tokens": 38, "total_tokens": 171, "token_count_source": "tokenizer"}, "decoding": {"temperature": 0.2, "top_p": null, "top_k": null, "max_tokens": 256, "seed": 42}, "prompt_tokens": 133, "completion_tokens": 38, "total_tokens": 171, "token_count_source": "tokenizer", "diffusion_steps": null, "flops_estimate": null, "flops_arch": null, "flops_model_params": null, "flops_active_params": null, "tokens_non_final": 23, "tokens_reasoning": 0, "tokens_response": 23, "elapsed_seconds": 2.7937488555908203, "judgement": "Uncategorized"}
{"id": "discounts_000223", "topic": "discounts", "subtopic": "threshold", "prompt": "Threshold coupon applies: $5 off $40+ spend. Cart: $7.86, $25.35, $26.15, $22.93, $33.93. About how much do you pay?", "exact_value": 111.22, "model": "tiiuae/Falcon-H1-7B-Instruct", "provider": "transformers", "response": "Finalются примерно путем суммирования стоимости всех позиций в корзине и затем применения купона при условии достижения порога в 40 долларов США или вышеются примерно путем суммирования стоимости всех позицийются примерно путем суммирования стоимости всех позицийются примерно путем суммирования стоимостиются примерно путем суммирования стоимостиются примерно путем суммирования стоимостиются примерно путем суммирования стоимостиются примерно путем суммирования стоимостиются примерно путем суммирования стоимостиются примерно путем суммирования стоимостиются примерно путем суммирования стоимостиются примерно путем суммирования стоимостиются примерно путем суммирования стоимостиются примерно путем суммирования стоимостиются примерно путем суммирования стоимостиются примерно путем суммирования стоимостиются примерно путем суммирования стоимостиются примерно путем суммирования стоимостиются примерно путем суммирования стоимостиются примерно путем суммирования стоимостиются примерно путем суммирования стоимостиются примерно путем суммирования стоимостиются примерно путем суммирования стоимостиются примерно путем суммирования стоимостиются примерно путем суммирования стоимостиются примерно путем суммирования стоимостиются примерно путем суммирования стоимостиются примерно путем суммирования стоимостиются примерно путем суммирования стоимостиются примерно путем суммирования стоимостиются примерно путем суммирования стоимостиются примерно путем суммирования", "numeric_answer": 40.0, "relative_error": 0.6403524545944974, "thinking_text": null, "has_tool_call": false, "tool_call": null, "usage": {"prompt_tokens": 140, "completion_tokens": 256, "total_tokens": 396, "token_count_source": "tokenizer"}, "decoding": {"temperature": 0.2, "top_p": null, "top_k": null, "max_tokens": 256, "seed": 42}, "prompt_tokens": 140, "completion_tokens": 256, "total_tokens": 396, "token_count_source": "tokenizer", "diffusion_steps": null, "flops_estimate": null, "flops_arch": null, "flops_model_params": null, "flops_active_params": null, "tokens_non_final": 150, "tokens_reasoning": 0, "tokens_response": 150, "elapsed_seconds": 18.590731620788574, "judgement": "Way off"}
{"id": "discounts_000243", "topic": "discounts", "subtopic": "percent", "prompt": "Cart: $41.98, $22.60, $24.78, $44.56, $29.87. A 20% discount applies to everything. About how much do you pay?", "exact_value": 131.03, "model": "tiiuae/Falcon-H1-7B-Instruct", "provider": "transformers", "response": "Finalются примерно путем применения скидки примерно на ются примерно путем применения скидки примерно примерно путем применения примерно примерно путем примерно примерно путем примерно примерно путем примерно примерно путем примерно примерно путем примерно путем примерно путем примерно путем примерно путем примерно путем примерно путем примерно путем примерно путем примерно путем примерно путем примерно путем примерно путем примерно путем примерно путем примерно путем примерно путем примерно путем примерно путем примерно путем примерно путем примерно путем примерно путем примерно путем примерно путем примерно путем примерно путем примерно путем примерно путем примерно путем примерно путем примерно путем примерно путем примерно путем примерно путем примерно путем примерно путем примерно путем примерно путем примерно путем примерно путем примерно путем примерно путем примерно путем примерно путем примерно путем примерно путем примерно путем примерно путем примерно путем примерно путем примерно путем примерно путем примерно путем примерно путем примерно путем примерно путем примерно путем примерно путем примерно путем примерно путем примерно путем примерно путем примерно путем примерно путем примерно путем примерно путем примерно путем примерно путем примерно путем примерно путем примерно путем примерно путем примерно путем примерно путем примерно путем примерно путем примерно путем примерно путем примерно путем примерно путем примерно путем примерно путем примерно путем примерно путем примерно путем примерно путем примерно путем примерно путем примерно путем примерно путем примерно путем примерно путем примерно путем примерно путем примерно путем примерно путем примерно путем примерно путем примерно путем примерно путем примерно путем примерно путем примерно путем примерно путем примерно путем примерно путем примерно путем примерно путем примерно путем примерно", "numeric_answer": null, "relative_error": null, "thinking_text": null, "has_tool_call": false, "tool_call": null, "usage": {"prompt_tokens": 136, "completion_tokens": 256, "total_tokens": 392, "token_count_source": "tokenizer"}, "decoding": {"temperature": 0.2, "top_p": null, "top_k": null, "max_tokens": 256, "seed": 42}, "prompt_tokens": 136, "completion_tokens": 256, "total_tokens": 392, "token_count_source": "tokenizer", "diffusion_steps": null, "flops_estimate": null, "flops_arch": null, "flops_model_params": null, "flops_active_params": null, "tokens_non_final": 250, "tokens_reasoning": 0, "tokens_response": 250, "elapsed_seconds": 18.648704528808594, "judgement": "Uncategorized"}
{"id": "discounts_000263", "topic": "discounts", "subtopic": "stacked", "prompt": "Stacked deal: 20% off, then $10 coupon if you spend $50 or more. Cart: $24.93, $20.51, $23.47. About how much do you pay?", "exact_value": 45.13, "model": "tiiuae/Falcon-H1-7B-Instruct", "provider": "transformers", "response": "Finalются примерно путем применения скидки и купона согласно условиям сделкиываются путем применения скидки и купона согласно условиям сделкиются путем применения скидки и купона согласно условиям сделкиываются путем применения скидки и купона согласно условиям сделкиываются путем применения скидки и купона согласно условиям сделкиываются путем применения скидки и купона согласно условиям сделкиываются путем применения скидки и купона согласно условиям сделкиываются путем применения скидки и купона согласно условиям сделкиываются путем применения скидки и купона согласно условиям сделкиываются путем применения скидки и купона согласно условиям сделкиываются путем применения скидкиются путем применения скидкиются путем применения скидкиются путем применения скидкиются путем примененияются путем примененияываются путем примененияываются путем примененияываются путем примененияываются путем примененияываются путем примененияываются путем примененияываются путем примененияываются путем примененияются путем примененияются путем примененияются путем примененияются путем примененияются путем примененияются путем примененияются путем примененияются путем примененияются путем примененияются путем примененияются путем примененияются путем примененияются путем примененияются путем примененияются путем примененияются путем примененияются путем примененияются путем примененияются путем примененияются путем примененияются путем примененияются путем примененияются путем примененияются", "numeric_answer": null, "relative_error": null, "thinking_text": null, "has_tool_call": false, "tool_call": null, "usage": {"prompt_tokens": 136, "completion_tokens": 256, "total_tokens": 392, "token_count_source": "tokenizer"}, "decoding": {"temperature": 0.2, "top_p": null, "top_k": null, "max_tokens": 256, "seed": 42}, "prompt_tokens": 136, "completion_tokens": 256, "total_tokens": 392, "token_count_source": "tokenizer", "diffusion_steps": null, "flops_estimate": null, "flops_arch": null, "flops_model_params": null, "flops_active_params": null, "tokens_non_final": 160, "tokens_reasoning": 0, "tokens_response": 160, "elapsed_seconds": 18.80547571182251, "judgement": "Uncategorized"}
{"id": "discounts_000283", "topic": "discounts", "subtopic": "threshold", "prompt": "Threshold coupon applies: $15 off $30+ spend. Cart: $27.33, $21.91, $39.19, $18.59. About how much do you pay?", "exact_value": 92.02, "model": "tiiuae/Falcon-H1-7B-Instruct", "provider": "transformers", "response": "Finalются примерно путем суммирования стоимости корзины и применения купона при условии достижения порога в 30 долларов США. Давайте мне секунду на расчетыются примерно путем суммирования стоимости корзины и применения купона при условии достижения порогаются примерно путем суммирования стоимости корзины и применения купонаются примерно путем суммирования стоимости корзины и примененияываются следующим образомются примерно путем суммирования стоимости корзиныются примерно путем суммирования стоимости корзиныются примерно путем суммирования стоимости корзиныются примерно путем суммирования стоимости корзиныются примерно путем суммирования стоимости корзиныются примерно путем суммирования стоимости корзиныются примерно путем суммирования стоимости корзиныются примерно путем суммирования стоимости корзиныются примерно путем суммирования стоимости корзиныются примерно путем суммирования стоимости корзиныются примерно путем суммирования стоимости корзиныются примерно путем суммирования стоимости корзиныются примерно путем суммирования стоимости корзиныются примерно путем суммирования стоимости корзиныются примерно путем суммирования стоимости корзиныются примерно путем суммирования стоимости корзиныются примерно путем суммирования стоимости корзины", "numeric_answer": 30.0, "relative_error": 0.6739839165398827, "thinking_text": null, "has_tool_call": false, "tool_call": null, "usage": {"prompt_tokens": 134, "completion_tokens": 256, "total_tokens": 390, "token_count_source": "tokenizer"}, "decoding": {"temperature": 0.2, "top_p": null, "top_k": null, "max_tokens": 256, "seed": 42}, "prompt_tokens": 134, "completion_tokens": 256, "total_tokens": 390, "token_count_source": "tokenizer", "diffusion_steps": null, "flops_estimate": null, "flops_arch": null, "flops_model_params": null, "flops_active_params": null, "tokens_non_final": 136, "tokens_reasoning": 0, "tokens_response": 136, "elapsed_seconds": 18.78736448287964, "judgement": "Way off"}
{"id": "discounts_000303", "topic": "discounts", "subtopic": "threshold", "prompt": "Threshold coupon applies: $10 off $40+ spend. Cart: $36.04, $15.68, $34.87. About how much do you pay?", "exact_value": 76.59, "model": "tiiuae/Falcon-H1-7B-Instruct", "provider": "transformers", "response": "Finalются примерно путем суммирования стоимости корзины и применения купона при условии достаточного расходования суммы для активации купонаются примерно путем суммирования стоимости корзины и применения купона при условии достаточного расходования суммы для активации купонаются примерно путем суммирования стоимости корзины и применения купона при условии достаточного расходования суммы для активации купонаываются примерно путем суммирования стоимости корзины и применения купона при условии достаточного расходования суммы для активации купонаываются примерно путем суммирования стоимости корзины и применения купона при условии достаточного расходования суммы для активации купонаываются примерно путем суммирования стоимости корзины и применения купона при условии достаточного расходования суммы для активации купонаываются примерно путем суммирования стоимости корзины и применения купона при условии достаточного расходования суммы для активации купонаываются примерно путем суммирования стоимости корзины и применения купона при условии достаточного расходования суммы для активации купонаываются примерно путем суммирования стоимости корзины и применения купона при условии достаточного расходования суммы для активации купонаываются примерно путем суммирования стоимости корзины и применения", "numeric_answer": null, "relative_error": null, "thinking_text": null, "has_tool_call": false, "tool_call": null, "usage": {"prompt_tokens": 126, "completion_tokens": 256, "total_tokens": 382, "token_count_source": "tokenizer"}, "decoding": {"temperature": 0.2, "top_p": null, "top_k": null, "max_tokens": 256, "seed": 42}, "prompt_tokens": 126, "completion_tokens": 256, "total_tokens": 382, "token_count_source": "tokenizer", "diffusion_steps": null, "flops_estimate": null, "flops_arch": null, "flops_model_params": null, "flops_active_params": null, "tokens_non_final": 152, "tokens_reasoning": 0, "tokens_response": 152, "elapsed_seconds": 18.824626445770264, "judgement": "Uncategorized"}
{"id": "discounts_000323", "topic": "discounts", "subtopic": "stacked", "prompt": "Stacked deal: 20% off, then $5 coupon if you spend $50 or more. Cart: $37.30, $35.35, $7.26, $28.69, $36.32, $11.49. About how much do you pay?", "exact_value": 120.13, "model": "tiiuae/Falcon-H1-7B-Instruct", "provider": "transformers", "response": "Finalются примерно путем применения скидки и купона согласно условиям сделкиываются примерно путем применения скидки и купона согласно условиям сделкиются примерно путем применения скидки и купона согласно условиям сделкиываются примерно путем применения скидки и купона согласно условиям сделкиываются примерно путем применения скидки и купона согласно условиям сделкиываются примерно путем применения скидки и купона согласно условиям сделкиываются примерно путем применения скидки и купона согласно условиям сделкиываются примерно путем применения скидки и купона согласно условиям сделкиываются примерно путем применения скидкиются примерно путем применения скидкиются примерно путем применения скидкиются примерно путем примененияются примерно путем примененияются примерно путем примененияются примерно путем примененияются примерно путем примененияются примерно путем примененияются примерно путем примененияются примерно путем примененияются примерно путем примененияются примерно путем примененияются примерно путем примененияются примерно путем примененияются примерно путем примененияются примерно путем примененияются примерно путем примененияются примерно путем примененияются примерно путем примененияются примерно путем примененияются примерно путем примененияются примерно путем примененияются примерно путем примененияются примерно путем примененияются примерно путем примененияются примерно путем примененияются примерно путем примененияются примерно путем примененияются примерно путем примененияются примерно путем примененияются примерно путем примененияются примерно путем примененияются примерно", "numeric_answer": null, "relative_error": null, "thinking_text": null, "has_tool_call": false, "tool_call": null, "usage": {"prompt_tokens": 158, "completion_tokens": 256, "total_tokens": 414, "token_count_source": "tokenizer"}, "decoding": {"temperature": 0.2, "top_p": null, "top_k": null, "max_tokens": 256, "seed": 42}, "prompt_tokens": 158, "completion_tokens": 256, "total_tokens": 414, "token_count_source": "tokenizer", "diffusion_steps": null, "flops_estimate": null, "flops_arch": null, "flops_model_params": null, "flops_active_params": null, "tokens_non_final": 176, "tokens_reasoning": 0, "tokens_response": 176, "elapsed_seconds": 18.616978645324707, "judgement": "Uncategorized"}
{"id": "discounts_000343", "topic": "discounts", "subtopic": "threshold", "prompt": "Threshold coupon applies: $5 off $30+ spend. Cart: $26.24, $32.30, $4.60, $26.47, $26.89. About how much do you pay?", "exact_value": 111.5, "model": "tiiuae/Falcon-H1-7B-Instruct", "provider": "transformers", "response": "Finalются примерно путем суммирования стоимости корзины и применения купона при условии достижения порога в 30 долларов США. Давайте мне секунду на расчетыются примерно путем суммирования стоимости корзины и применения купона при условии достижения порогаются примерно путем суммирования стоимости корзины и применения купона при условии достижения порогаются примерно путем суммирования стоимости корзины и применения купона при условии достижения порогаются примерно путем суммирования стоимости корзины и применения купона при условии достижения порогаются примерно путем суммирования стоимости корзины и применения купона при условии достижения порогаются примерно путем суммирования стоимости корзины и применения купона при условии достижения порогаются примерно путем суммирования стоимости корзины и применения купона при условии достижения порогаются примерно путем суммирования стоимости корзины и применения купона при условии достижения порогаются примерно путем суммирования стоимости корзины и применения купонаются примерно путем суммирования стоимости корзиныются примерно путем суммирования стоимости корзиныются примерно путем суммирования стоимости корзиныются примерно путем суммирования стоимости корзиныются примерно путем суммирования", "numeric_answer": 30.0, "relative_error": 0.7309417040358744, "thinking_text": null, "has_tool_call": false, "tool_call": null, "usage": {"prompt_tokens": 140, "completion_tokens": 256, "total_tokens": 396, "token_count_source": "tokenizer"}, "decoding": {"temperature": 0.2, "top_p": null, "top_k": null, "max_tokens": 256, "seed": 42}, "prompt_tokens": 140, "completion_tokens": 256, "total_tokens": 396, "token_count_source": "tokenizer", "diffusion_steps": null, "flops_estimate": null, "flops_arch": null, "flops_model_params": null, "flops_active_params": null, "tokens_non_final": 149, "tokens_reasoning": 0, "tokens_response": 149, "elapsed_seconds": 18.50701928138733, "judgement": "Way off"}
{"id": "discounts_000363", "topic": "discounts", "subtopic": "threshold", "prompt": "Threshold coupon applies: $10 off $25+ spend. Cart: $8.84, $27.18, $39.97. About how much do you pay?", "exact_value": 65.99, "model": "tiiuae/Falcon-H1-7B-Instruct", "provider": "transformers", "response": "Finalются примерно путем подсчета стоимости корзины и применения купона тамютсяютсяютсяютсяютсяютсяютсяютсяютсяютсяютсяютсяютсяютсяютсяютсяютсяютсяютсяютсяютсяютсяютсяютсяютсяютсяютсяютсяютсяютсяютсяютсяютсяютсяютсяютсяютсяютсяютсяютсяютсяютсяютсяютсяютсяютсяютсяютсяютсяютсяютсяютсяютсяютсяютсяютсяютсяютсяютсяютсяютсяютсяютсяютсяютсяютсяютсяютсяютсяютсяютсяютсяютсяютсяютсяютсяютсяютсяютсяютсяютсяютсяютсяютсяютсяютсяютсяютсяютсяютсяютсяютсяютсяютсяютсяютсяютсяютсяютсяютсяютсяютсяютсяютсяютсяютсяютсяютсяютсяютсяютсяютсяютсяютсяютсяютсяютсяютсяютсяютсяютсяютсяютсяютсяютсяютсяютсяютсяютсяютсяютсяютсяютсяютсяютсяютсяютсяютсяютсяютсяютсяютсяютсяютсяютсяютсяютсяютсяютсяютсяютсяютсяютсяютсяютсяютсяютсяютсяютсяютсяютсяютсяютсяютсяютсяютсяютсяютсяютсяютсяютсяютсяютсяютсяютсяютсяютсяютсяютсяютсяютсяютсяютсяютсяютсяютсяютсяютсяютсяютсяютсяютсяютсяютсяютсяютсяютсяютсяютсяютсяютсяютсяютсяютсяютсяютсяютсяютсяютсяютсяютсяютсяютсяютсяютсяютсяютсяютсяютсяютсяютсяютсяютсяютсяютсяютсяютсяютсяютсяютсяютсяютсяютсяютсяютсяютсяютсяютсяютсяются", "numeric_answer": null, "relative_error": null, "thinking_text": null, "has_tool_call": false, "tool_call": null, "usage": {"prompt_tokens": 125, "completion_tokens": 256, "total_tokens": 381, "token_count_source": "tokenizer"}, "decoding": {"temperature": 0.2, "top_p": null, "top_k": null, "max_tokens": 256, "seed": 42}, "prompt_tokens": 125, "completion_tokens": 256, "total_tokens": 381, "token_count_source": "tokenizer", "diffusion_steps": null, "flops_estimate": null, "flops_arch": null, "flops_model_params": null, "flops_active_params": null, "tokens_non_final": 10, "tokens_reasoning": 0, "tokens_response": 10, "elapsed_seconds": 18.33596181869507, "judgement": "Uncategorized"}
{"id": "discounts_000383", "topic": "discounts", "subtopic": "stacked", "prompt": "Stacked deal: 15% off, then $5 coupon if you spend $40 or more. Cart: $32.36, $39.44, $31.86. About how much do you pay?", "exact_value": 83.11, "model": "tiiuae/Falcon-H1-7B-Instruct", "provider": "transformers", "response": "Finalются примерно путем применения скидки и купона согласно условиям сделкиываются путем применения скидки и купона согласно условиям сделкиются путем применения скидки и купона согласно условиям сделкиываются путем применения скидки и купона согласно условиям сделкиываются путем применения скидки и купона согласно условиям сделкиываются путем применения скидки и купона согласно условиям сделкиываются путем применения скидки и купона согласно условиям сделкиываются путем применения скидки и купона согласно условиям сделкиываются путем применения скидки и купона согласно условиям сделкиываются путем применения скидки и купона согласно условиям сделкиываются путем применения скидки и купона согласно условиям сделкиываются путем применения скидки и купона согласно условиям сделкиываются путем применения скидкиются путем применения скидкиются путем применения скидкиются путем применения скидкиются путем применения скидкиются путем примененияются путем примененияываются путем примененияываются путем примененияываются путем примененияываются путем примененияываются путем примененияываются путем примененияываются путем примененияываются путем примененияываются путем примененияываются путем примененияываются путем примененияываются путем примененияываются путем примененияываются путем примененияываются путем примененияываются путем примененияются путем примененияются путем примененияются путем примененияются путем примененияются путем", "numeric_answer": null, "relative_error": null, "thinking_text": null, "has_tool_call": false, "tool_call": null, "usage": {"prompt_tokens": 135, "completion_tokens": 256, "total_tokens": 391, "token_count_source": "tokenizer"}, "decoding": {"temperature": 0.2, "top_p": null, "top_k": null, "max_tokens": 256, "seed": 42}, "prompt_tokens": 135, "completion_tokens": 256, "total_tokens": 391, "token_count_source": "tokenizer", "diffusion_steps": null, "flops_estimate": null, "flops_arch": null, "flops_model_params": null, "flops_active_params": null, "tokens_non_final": 158, "tokens_reasoning": 0, "tokens_response": 158, "elapsed_seconds": 18.444863319396973, "judgement": "Uncategorized"}
{"id": "discounts_000403", "topic": "discounts", "subtopic": "buy_n_get_m", "prompt": "Buy 4 get 3 free on items priced $7.01 each. You take 7 total. About how much do you pay?", "exact_value": 28.04, "model": "tiiuae/Falcon-H1-7B-Instruct", "provider": "transformers", "response": "Finalютсяwicklungируяwicklungываютсяываютсяываютсяываютсяываютсяываютсяываютсяываютсяываютсяываютсяываютсяываютсяываютсяываютсяываютсяываютсяываютсяываютсяываютсяываютсяываютсяываютсяываютсяываютсяываютсяываютсяываютсяываютсяываютсяываютсяываютсяываютсяываютсяываютсяываютсяываютсяываютсяываютсяываютсяываютсяываютсяываютсяываютсяываютсяываютсяываютсяываютсяываютсяываютсяываютсяываютсяываютсяываютсяываютсяываютсяываютсяываютсяываютсяываютсяываютсяываютсяываютсяываютсяываютсяываютсяываютсяываютсяываютсяываютсяываютсяываютсяываютсяываютсяываютсяываютсяываютсяываютсяываютсяываютсяываютсяываютсяываютсяываютсяываютсяываютсяываютсяываютсяываютсяываютсяываютсяываютсяываютсяываютсяываютсяываютсяываютсяываютсяываютсяываютсяываютсяываютсяываютсяываютсяываютсяываютсяываютсяываютсяываютсяываютсяываютсяываютсяываютсяываютсяываютсяываютсяываютсяываютсяываютсяываютсяываютсяываютсяываютсяываютсяываютсяываютсяываютсяываютсяываютсяываютсяываютсяываютсяываютсяываютсяываютсяываютсяываютсяываютсяываютсяываютсяываютсяываютсяываютсяываютсяываютсяываютсяываютсяываютсяываютсяываютсяываютсяываютсяываютсяываютсяываютсяываютсяываютсяываютсяываютсяываютсяываютсяываютсяываютсяываютсяываютсяываютсяываютсяываютсяываютсяываютсяываютсяываютсяываютсяываютсяываютсяываютсяываютсяываютсяываютсяываютсяываютсяываютсяываютсяываютсяываютсяываютсяываютсяываютсяываютсяываютсяываютсяываютсяываютсяываютсяываютсяываютсяываютсяываютсяываютсяываютсяываютсяываютсяываютсяываютсяываютсяываютсяываютсяываютсяываютсяываютсяываютсяываютсяываютсяываютсяываютсяываютсяываютсяываютсяываютсяываютсяываютсяываютсяываютсяываютсяываютсяываютсяываютсяываютсяываютсяываютсяываютсяываютсяываютсяываютсяываютсяываютсяываютсяываютсяываютсяываютсяываютсяываютсяываютсяываютсяываютсяываютсяываютсяываютсяываютсяываютсяываютсяываются", "numeric_answer": null, "relative_error": null, "thinking_text": null, "has_tool_call": false, "tool_call": null, "usage": {"prompt_tokens": 108, "completion_tokens": 256, "total_tokens": 364, "token_count_source": "tokenizer"}, "decoding": {"temperature": 0.2, "top_p": null, "top_k": null, "max_tokens": 256, "seed": 42}, "prompt_tokens": 108, "completion_tokens": 256, "total_tokens": 364, "token_count_source": "tokenizer", "diffusion_steps": null, "flops_estimate": null, "flops_arch": null, "flops_model_params": null, "flops_active_params": null, "tokens_non_final": 1, "tokens_reasoning": 0, "tokens_response": 1, "elapsed_seconds": 18.403451681137085, "judgement": "Uncategorized"}
{"id": "discounts_000423", "topic": "discounts", "subtopic": "threshold", "prompt": "Threshold coupon applies: $15 off $50+ spend. Cart: $37.39, $36.57. About how much do you pay?", "exact_value": 58.96, "model": "tiiuae/Falcon-H1-7B-Instruct", "provider": "transformers", "response": "Finalются примерно путем применения купона к каждому из чеков независимо друг от друга и вычитания скидки до минимально возможного значения для каждого чека согласно условиям купонаются примерно путем применения купона к каждому из чеков независимо другются примерно путем применения купона к каждомуются примерно путем примененияются примерно путем примененияываются примерно путем примененияются примерно путем примененияываются примерно путем примененияываются примерно путем примененияываются примерно путем примененияываются примерно путем примененияываются примерно путем примененияываются примерно путем примененияываются примерно путем примененияываются примерно путем примененияываются примерно путем примененияываются примерно путем примененияываются примерно путем примененияываются примерно путем примененияываются примерно путем примененияываются примерно путем примененияываются примерно путем примененияываются примерно путем примененияываются примерно путем примененияываются примерно путем примененияываются примерно путем примененияываются примерно путем примененияываются примерно путем примененияываются примерно путем примененияываются примерно путем примененияываются примерно путем примененияываются примерно путем примененияываются примерно путем примененияываются примерно путем примененияываются примерно путем примененияываются примерно путем примененияываются примерно путем примененияываются примерно путем примененияываются примерно путем примененияываются примерно путем примененияываются примерно путем примененияываются примерно путем примененияываются примерно путем примененияываются примерно путем примененияываются примерно путем примененияываются примерно путем примененияываются примерно путем примененияываются примерно путем примененияываются примерно путем примененияываются примерно путем примененияываются примерно", "numeric_answer": null, "relative_error": null, "thinking_text": null, "has_tool_call": false, "tool_call": null, "usage": {"prompt_tokens": 118, "completion_tokens": 256, "total_tokens": 374, "token_count_source": "tokenizer"}, "decoding": {"temperature": 0.2, "top_p": null, "top_k": null, "max_tokens": 256, "seed": 42}, "prompt_tokens": 118, "completion_tokens": 256, "total_tokens": 374, "token_count_source": "tokenizer", "diffusion_steps": null, "flops_estimate": null, "flops_arch": null, "flops_model_params": null, "flops_active_params": null, "tokens_non_final": 184, "tokens_reasoning": 0, "tokens_response": 184, "elapsed_seconds": 18.426573991775513, "judgement": "Uncategorized"}
{"id": "discounts_000443", "topic": "discounts", "subtopic": "threshold", "prompt": "Threshold coupon applies: $10 off $40+ spend. Cart: $11.05, $31.68, $27.63, $4.93, $26.15. About how much do you pay?", "exact_value": 91.44, "model": "tiiuae/Falcon-H1-7B-Instruct", "provider": "transformers", "response": "Finalются примерно путем суммирования стоимости всех позиций в корзине и затем применения купона при условии достижения порога в 40 долларов США. Давайте мне сначала подсчитать сумму стоимости корзины и определитьется ли пороговое значение для применения купонаются примерно путем суммирования стоимости всех позиций в корзине и затем применения купона при условии достижения порогаются примерно путем суммирования стоимости всех позицийются примерно путем суммирования стоимости всех позицийются примерно путем суммирования стоимостиются примерно путем суммирования стоимостиются примерно путем суммирования стоимостиются примерно путем суммирования стоимостиются примерно путем суммирования стоимостиются примерно путем суммирования стоимостиются примерно путем суммирования стоимостиются примерно путем суммирования стоимостиются примерно путем суммирования стоимостиются примерно путем суммирования стоимостиются примерно путем суммирования стоимостиются примерно путем суммирования стоимостиются примерно путем суммирования стоимостиются примерно путем суммирования стоимостиются примерно путем суммирования стоимостиются примерно путем суммирования стоимостиются примерно путем суммирования стоимостиются примерно путем суммирования стоимостиются примерно путем суммирования стоимостиются примерно путем суммирования стоимостиются примерно путем суммирования стоимостиются примерно путем суммирования", "numeric_answer": 40.0, "relative_error": 0.5625546806649169, "thinking_text": null, "has_tool_call": false, "tool_call": null, "usage": {"prompt_tokens": 141, "completion_tokens": 256, "total_tokens": 397, "token_count_source": "tokenizer"}, "decoding": {"temperature": 0.2, "top_p": null, "top_k": null, "max_tokens": 256, "seed": 42}, "prompt_tokens": 141, "completion_tokens": 256, "total_tokens": 397, "token_count_source": "tokenizer", "diffusion_steps": null, "flops_estimate": null, "flops_arch": null, "flops_model_params": null, "flops_active_params": null, "tokens_non_final": 151, "tokens_reasoning": 0, "tokens_response": 151, "elapsed_seconds": 18.470819234848022, "judgement": "Mildly off"}
{"id": "discounts_000463", "topic": "discounts", "subtopic": "threshold", "prompt": "Threshold coupon applies: $5 off $30+ spend. Cart: $7.17, $14.56, $7.86, $33.78. About how much do you pay?", "exact_value": 58.37, "model": "tiiuae/Falcon-H1-7B-Instruct", "provider": "transformers", "response": "Finalются примерно путем суммирования стоимости всех позиций в корзине и затем применения купона при условии достижения порога в 30 долларов США или примерно эквальноются стоимости позиций до применения купонаываются примерно путем суммирования стоимости всех позиций в корзине и затем применения купона при условии достижения порога в примерно эквальноуется примерно путем суммирования стоимости всех позиций в корзине и затем применения купона при условии достижения порога примерно эквальноуется примерно путем суммирования стоимости всех позицийются примерно путем суммирования стоимости всех позицийются примерно путем суммирования стоимости всех позицийются примерно путем суммирования стоимости всех позицийются примерно путем суммирования стоимости всех позицийются примерно путем суммирования стоимости всех позицийются примерно путем суммирования стоимости всех позицийются примерно путем суммирования стоимости всех позицийются примерно путем суммирования стоимости всех позицийются примерно путем суммирования стоимости всех позицийются примерно путем суммирования стоимости всех позицийются примерно путем суммирования стоимости всех позицийются примерно путем суммирования стоимости всех позицийются примерно путем суммирования стоимости всех позицийются примерно путем суммирования стоимости всех позицийются примерно", "numeric_answer": 30.0, "relative_error": 0.4860373479527154, "thinking_text": null, "has_tool_call": false, "tool_call": null, "usage": {"prompt_tokens": 131, "completion_tokens": 256, "total_tokens": 387, "token_count_source": "tokenizer"}, "decoding": {"temperature": 0.2, "top_p": null, "top_k": null, "max_tokens": 256, "seed": 42}, "prompt_tokens": 131, "completion_tokens": 256, "total_tokens": 387, "token_count_source": "tokenizer", "diffusion_steps": null, "flops_estimate": null, "flops_arch": null, "flops_model_params": null, "flops_active_params": null, "tokens_non_final": 157, "tokens_reasoning": 0, "tokens_response": 157, "elapsed_seconds": 18.641753435134888, "judgement": "Mildly off"}
{"id": "discounts_000483", "topic": "discounts", "subtopic": "buy_n_get_m", "prompt": "Buy 3 get 3 free on items priced $2.85 each. You take 7 total. About how much do you pay?", "exact_value": 11.4, "model": "tiiuae/Falcon-H1-7B-Instruct", "provider": "transformers", "response": "Finalютсяwicklungируемая сумма стоимости примерно равна стоимости примерно половины взятых вами предметовываются путем расчета стоимости приобретенных и полученных бесплатноlagtальных позиций согласно предложениюутся путем расчета стоимости приобретенных и полученных бесплатно позиций согласно предложениюются путем расчета стоимости приобретенных и полученных бесплатно позиций согласно предложениюются путем расчета стоимости приобретенных и полученных бесплатно позиций согласно предложениюются путем расчета стоимости примерно половины взятых вами предметовываются путем расчета стоимости примерно половины взятых вами предметовываются путем расчета стоимости примерно половины взятых вами предметовываются путем расчета стоимости примерно половины взятых вами предметовываются путем расчета стоимости примерно половины взятых вами предметовываются путем расчета стоимости примерно половины взятых вами предметовываются путем расчета стоимости примерно половины взятых вами предметовываются путем расчета стоимости примерно половины взятых вами предметовываются путем расчета стоимости примерно половины взятых вами предметовываются путем расчета стоимости примерно половины взятых вами предметовываются путем расчета стоимости примерно половины взятых вами предметовываются путем расчета стоимости примерно половины взятых вами предметовываются путем расчета стоимости примерно половины взятых вами предметовываются путем", "numeric_answer": null, "relative_error": null, "thinking_text": null, "has_tool_call": false, "tool_call": null, "usage": {"prompt_tokens": 108, "completion_tokens": 256, "total_tokens": 364, "token_count_source": "tokenizer"}, "decoding": {"temperature": 0.2, "top_p": null, "top_k": null, "max_tokens": 256, "seed": 42}, "prompt_tokens": 108, "completion_tokens": 256, "total_tokens": 364, "token_count_source": "tokenizer", "diffusion_steps": null, "flops_estimate": null, "flops_arch": null, "flops_model_params": null, "flops_active_params": null, "tokens_non_final": 156, "tokens_reasoning": 0, "tokens_response": 156, "elapsed_seconds": 18.396942138671875, "judgement": "Uncategorized"}
{"id": "discounts_000503", "topic": "discounts", "subtopic": "stacked", "prompt": "Stacked deal: 20% off, then $5 coupon if you spend $30 or more. Cart: $29.58, $10.92, $29.18, $33.24, $8.11, $38.19. About how much do you pay?", "exact_value": 114.38, "model": "tiiuae/Falcon-H1-7B-Instruct", "provider": "transformers", "response": "Finalются примерно путем следования этим шагамются примерно путем следования этим шагамются примерно путем следования этим шагамываются примерно путем следования этим шагамываются примерно путем следования этим шагамываются примерно путем следования этим шагамываются примерно путем следования этим шагамываются примерно путем следования этим шагамываются примерно путем следования этим шагамываются примерно путем следования этим шагамываются примерно путем следования этим шагамываются примерно путем следования этим шагамываются примерно путем следования этим шагамываются примерно путем следования этим шагамываются примерно путем следования этим шагамываются примерно путем следования этим шагамываются примерно путем следования этим шагамываются примерно путем следования этим шагамываются примерно путем следования этим шагамываются примерно путем следования этим шагамываются примерно путем следования этим шагамываются примерно путем следования этим шагамываются примерно путем следования этим шагамываются примерно путем следования этим шагамываются примерно путем следования этим шагамываются примерно путем следования этим шагамываются примерно путем следования этим шагамываются примерно путем следования этим шагамываются примерно путем следования этим шагамываются примерно путем следования этим шагамываются примерно путем следования этим шагамываются примерно путем следования этим шаг", "numeric_answer": null, "relative_error": null, "thinking_text": null, "has_tool_call": false, "tool_call": null, "usage": {"prompt_tokens": 158, "completion_tokens": 256, "total_tokens": 414, "token_count_source": "tokenizer"}, "decoding": {"temperature": 0.2, "top_p": null, "top_k": null, "max_tokens": 256, "seed": 42}, "prompt_tokens": 158, "completion_tokens": 256, "total_tokens": 414, "token_count_source": "tokenizer", "diffusion_steps": null, "flops_estimate": null, "flops_arch": null, "flops_model_params": null, "flops_active_params": null, "tokens_non_final": 161, "tokens_reasoning": 0, "tokens_response": 161, "elapsed_seconds": 18.495033979415894, "judgement": "Uncategorized"}
{"id": "discounts_000523", "topic": "discounts", "subtopic": "bogo", "prompt": "BOGO sale (buy one, get one free; free item is the cheaper one in each pair). Items: $21.23, $17.95, $15.39, $10.11, $8.23, $4.52. About how much do you pay?", "exact_value": 44.85, "model": "tiiuae/Falcon-H1-7B-Instruct", "provider": "transformers", "response": "Finalются примерно путем сопоставления каждого пары товаров и выбора более дешевого для получения бесплатного товара согласно правилу акции BOGOются примерно путем сопоставления каждой пары товаров и получения более дешевого бесплатно согласно правилу акцииются примерно путем сопоставления каждой пары товаров и получения более дешевого бесплатно согласно правилу акцииются примерно путем сопоставления каждой пары товаров и получения более дешевого бесплатно согласно правилу акцииются примерно путем сопоставления каждой пары товаров и получения более дешевого бесплатно согласно правилу акцииются примерно путем сопоставления каждой пары товаров и получения более дешевого бесплатно согласно правилу акцииются примерно путем сопоставления каждой пары товаров и получения более дешевого бесплатно согласно правилу акцииются примерно путем сопоставления каждой парыgüvenilirlik", "numeric_answer": null, "relative_error": null, "thinking_text": null, "has_tool_call": false, "tool_call": null, "usage": {"prompt_tokens": 154, "completion_tokens": 163, "total_tokens": 317, "token_count_source": "tokenizer"}, "decoding": {"temperature": 0.2, "top_p": null, "top_k": null, "max_tokens": 256, "seed": 42}, "prompt_tokens": 154, "completion_tokens": 163, "total_tokens": 317, "token_count_source": "tokenizer", "diffusion_steps": null, "flops_estimate": null, "flops_arch": null, "flops_model_params": null, "flops_active_params": null, "tokens_non_final": 108, "tokens_reasoning": 0, "tokens_response": 108, "elapsed_seconds": 11.853154182434082, "judgement": "Uncategorized"}
{"id": "discounts_000543", "topic": "discounts", "subtopic": "percent", "prompt": "Cart: $30.85, $43.81, $8.07. A 20% discount applies to everything. About how much do you pay?", "exact_value": 66.18, "model": "tiiuae/Falcon-H1-7B-Instruct", "provider": "transformers", "response": "Finalются примерно путем применения скидки примерно на ются примерно путем применения скидки примерно путем применения скидки примерно путем применения скидки примерно путем применения скидки примерно путем применения скидки примерно путем применения скидки примерно путем применения скидки примерно путем применения скидки примерно путем применения скидки примерно путем применения скидки примерно путем применения скидки примерно путем применения скидки примерно путем применения скидки примерно путем примененияются примерно путем примененияются примерно путем примененияются примерно путем примененияются примерно путем примененияются примерно путем примененияются примерно путем примененияются примерно путем примененияются примерно путем примененияются примерно путем примененияются примерно путем примененияются примерно путем примененияются примерно путем примененияются примерно путем примененияются примерно путем примененияются примерно путем примененияются примерно путем примененияются примерно путем примененияются примерно путем примененияются примерно путем примененияются примерно путем примененияются примерно путем примененияются примерно путем примененияются примерно путем примененияются примерно путем примененияются примерно путем примененияются примерно путем примененияются примерно путем примененияются примерно путем примененияются примерно путем примененияются примерно путем примененияются примерно путем примененияются примерно путем примененияются примерно путем примененияются примерно путем примененияются примерно путем примененияются примерно путем примененияются примерно путем примененияются примерно путем примененияются примерно путем примененияются примерно путем примененияются примерно путем", "numeric_answer": null, "relative_error": null, "thinking_text": null, "has_tool_call": false, "tool_call": null, "usage": {"prompt_tokens": 119, "completion_tokens": 256, "total_tokens": 375, "token_count_source": "tokenizer"}, "decoding": {"temperature": 0.2, "top_p": null, "top_k": null, "max_tokens": 256, "seed": 42}, "prompt_tokens": 119, "completion_tokens": 256, "total_tokens": 375, "token_count_source": "tokenizer", "diffusion_steps": null, "flops_estimate": null, "flops_arch": null, "flops_model_params": null, "flops_active_params": null, "tokens_non_final": 185, "tokens_reasoning": 0, "tokens_response": 185, "elapsed_seconds": 18.68523120880127, "judgement": "Uncategorized"}
{"id": "discounts_000563", "topic": "discounts", "subtopic": "threshold", "prompt": "Threshold coupon applies: $5 off $30+ spend. Cart: $4.94, $20.81, $22.55. About how much do you pay?", "exact_value": 43.3, "model": "tiiuae/Falcon-H1-7B-Instruct", "provider": "transformers", "response": "Finalются примерно путем подсчета стоимости корзины и применения купона тамютсяетсяетсяетсяетсяетсяетсяетсяетсяетсяетсяетсяетсяетсяетсяетсяетсяетсяетсяетсяетсяетсяетсяетсяетсяетсяетсяетсяетсяетсяетсяетсяетсяетсяетсяетсяетсяетсяетсяетсяетсяетсяетсяетсяетсяетсяетсяетсяетсяетсяетсяетсяетсяетсяетсяетсяетсяетсяетсяетсяетсяетсяетсяетсяетсяетсяетсяетсяетсяетсяетсяетсяетсяетсяетсяетсяетсяетсяетсяетсяетсяетсяетсяетсяетсяетсяетсяетсяетсяетсяетсяетсяетсяетсяетсяетсяетсяетсяетсяетсяетсяетсяетсяетсяетсяетсяетсяетсяетсяетсяетсяетсяетсяетсяетсяетсяетсяетсяетсяетсяетсяетсяетсяетсяетсяетсяетсяетсяетсяетсяетсяетсяетсяетсяетсяетсяетсяетсяетсяетсяетсяетсяетсяетсяетсяетсяетсяетсяетсяетсяетсяетсяетсяетсяетсяетсяетсяетсяетсяетсяетсяетсяетсяетсяетсяетсяетсяетсяетсяетсяетсяетсяетсяетсяетсяетсяетсяетсяетсяетсяетсяетсяетсяетсяетсяетсяетсяетсяетсяетсяетсяетсяетсяетсяетсяетсяетсяетсяетсяетсяетсяетсяетсяетсяетсяетсяетсяетсяетсяетсяетсяетсяетсяетсяетсяетсяетсяетсяетсяетсяетсяетсяетсяетсяетсяетсяетсяетсяетсяетсяетсяетсяетсяетсяетсяетсяетсяетсяетсяется", "numeric_answer": null, "relative_error": null, "thinking_text": null, "has_tool_call": false, "tool_call": null, "usage": {"prompt_tokens": 124, "completion_tokens": 256, "total_tokens": 380, "token_count_source": "tokenizer"}, "decoding": {"temperature": 0.2, "top_p": null, "top_k": null, "max_tokens": 256, "seed": 42}, "prompt_tokens": 124, "completion_tokens": 256, "total_tokens": 380, "token_count_source": "tokenizer", "diffusion_steps": null, "flops_estimate": null, "flops_arch": null, "flops_model_params": null, "flops_active_params": null, "tokens_non_final": 10, "tokens_reasoning": 0, "tokens_response": 10, "elapsed_seconds": 18.253194570541382, "judgement": "Uncategorized"}
{"id": "discounts_000583", "topic": "discounts", "subtopic": "buy_n_get_m", "prompt": "Buy 5 get 3 free on items priced $4.97 each. You take 16 total. About how much do you pay?", "exact_value": 49.7, "model": "tiiuae/Falcon-H1-7B-Instruct", "provider": "transformers", "response": "Finalются примерно путем подсчета стоимости приобретенных и полученных бесплатно товаров согласно предложениюются акцииютсяываютсяываютсяываютсяываютсяываютсяываютсяываютсяываютсяываютсяываютсяываютсяываютсяываютсяываютсяываютсяываютсяываютсяываютсяываютсяываютсяываютсяываютсяываютсяываютсяываютсяываютсяываютсяываютсяываютсяываютсяываютсяываютсяываютсяываютсяываютсяываютсяываютсяываютсяываютсяываютсяываютсяываютсяываютсяываютсяываютсяываютсяываютсяываютсяываютсяываютсяываютсяываютсяываютсяываютсяываютсяываютсяываютсяываютсяываютсяываютсяываютсяываютсяываютсяываютсяываютсяываютсяываютсяываютсяываютсяываютсяываютсяываютсяываютсяываютсяываютсяываютсяываютсяываютсяываютсяываютсяываютсяываютсяываютсяываютсяываютсяываютсяываютсяываютсяываютсяываютсяываютсяываютсяываютсяываютсяываютсяываютсяываютсяываютсяываютсяываютсяываютсяываютсяываютсяываютсяываютсяываютсяываютсяываютсяываютсяываютсяываютсяываютсяываютсяываютсяываютсяываютсяываютсяываютсяываютсяываютсяываютсяываютсяываютсяываютсяываютсяываютсяываютсяываютсяываютсяываютсяываютсяываютсяываютсяываютсяываютсяываютсяываютсяываютсяываютсяываютсяываютсяываютсяываютсяываютсяываютсяываютсяываютсяываютсяываютсяываютсяываютсяываютсяываютсяываютсяываютсяываютсяываютсяываютсяываютсяываютсяываютсяываютсяываютсяываютсяываютсяываютсяываютсяываютсяываютсяываютсяываютсяываютсяываютсяываютсяываютсяываютсяываютсяываютсяываютсяываютсяываютсяываютсяываютсяываютсяываютсяываютсяываютсяываютсяываютсяываютсяываютсяываютсяываютсяываютсяываютсяываютсяываютсяываютсяываютсяываютсяываютсяываютсяываютсяываютсяываютсяываютсяываютсяываютсяываютсяываютсяываютсяываютсяываютсяываютсяываютсяываютсяываютсяываютсяываютсяываютсяываютсяываютсяываютсяываютсяываютсяываютсяываютсяываютсяываютсяываютсяываютсяываютсяываютсяываютсяываются", "numeric_answer": null, "relative_error": null, "thinking_text": null, "has_tool_call": false, "tool_call": null, "usage": {"prompt_tokens": 109, "completion_tokens": 256, "total_tokens": 365, "token_count_source": "tokenizer"}, "decoding": {"temperature": 0.2, "top_p": null, "top_k": null, "max_tokens": 256, "seed": 42}, "prompt_tokens": 109, "completion_tokens": 256, "total_tokens": 365, "token_count_source": "tokenizer", "diffusion_steps": null, "flops_estimate": null, "flops_arch": null, "flops_model_params": null, "flops_active_params": null, "tokens_non_final": 13, "tokens_reasoning": 0, "tokens_response": 13, "elapsed_seconds": 18.47575545310974, "judgement": "Uncategorized"}
{"id": "discounts_000603", "topic": "discounts", "subtopic": "bogo", "prompt": "BOGO sale (buy one, get one free; free item is the cheaper one in each pair). Items: $18.16, $13.58, $11.14, $8.88, $4.45. About how much do you pay?", "exact_value": 33.75, "model": "tiiuae/Falcon-H1-7B-Instruct", "provider": "transformers", "response": "Finalются примерно путем сопоставления каждого пары товаров и выбора более дешевого для получения бесплатного товара согласно правилу акции BOются примерно путем сопоставления каждой пары товаров и получения более дешевого бесплатно согласно правилу акцииются примерно путем сопоставления каждой пары товаров и получения более дешевого бесплатно согласно правилу акцииются примерно путем сопоставления каждой пары товаров и получения более дешевого бесплатно согласно правилу акцииются примерно путем сопоставления каждой пары товаров и получения более дешевого бесплатно согласно правилу акцииются примерно путем сопоставления каждой пары товаров и получения более дешевого бесплатно согласно правилу акцииются примерно путем сопоставления каждой пары товаров и получения более дешевого бесплатно согласно правилу акцииются примерно путем сопоставления каждой пары товаров и получения более дешевого бесплатно согласно правилу акцииются примерно путем сопоставления каждой пары товаров и получения более дешевого бесплатно согласно правилу акцииются примерно путем сопоставления каждой пары товаров и получения более дешевого бесплатно согласно правилу акцииются примерно путем сопоставления каждой пары товаров и получения более дешевого бесплатно согласно правилу акцииются примерно путем сопоставления каждой пары товаров и получения более дешевого бесплатно согласно правилу акцииются примерно путем сопоставления каждой пар", "numeric_answer": null, "relative_error": null, "thinking_text": null, "has_tool_call": false, "tool_call": null, "usage": {"prompt_tokens": 146, "completion_tokens": 256, "total_tokens": 402, "token_count_source": "tokenizer"}, "decoding": {"temperature": 0.2, "top_p": null, "top_k": null, "max_tokens": 256, "seed": 42}, "prompt_tokens": 146, "completion_tokens": 256, "total_tokens": 402, "token_count_source": "tokenizer", "diffusion_steps": null, "flops_estimate": null, "flops_arch": null, "flops_model_params": null, "flops_active_params": null, "tokens_non_final": 178, "tokens_reasoning": 0, "tokens_response": 178, "elapsed_seconds": 18.42506694793701, "judgement": "Uncategorized"}
{"id": "discounts_000623", "topic": "discounts", "subtopic": "bogo", "prompt": "BOGO sale (buy one, get one free; free item is the cheaper one in each pair). Items: $21.85, $18.63, $17.86, $11.60, $9.53. About how much do you pay?", "exact_value": 49.24, "model": "tiiuae/Falcon-H1-7B-Instruct", "provider": "transformers", "response": "Finalются примерно путем сопоставления каждого пары товаров и выбора более дешевого для получения бесплатного товара согласно правилу акции BOются примерно путем сопоставления каждой пары и получения более дешевого товара бесплатно согласно правилу акции ются примерно путем сопоставления каждой пары и получения более дешевого товара бесплатно согласно правилу акцииются примерно путем сопоставления каждой пары и получения более дешевого товара бесплатно согласно правилу акцииются примерно путем сопоставления каждой пары и получения более дешевого товара бесплатно согласно правилуются примерно путем сопоставления каждой пары и получения более дешевого товара бесплатно согласно правилуются примерно путем сопоставления каждой пары и получения более дешевого товара бесплатно согласно правилуются примерно путем сопоставления каждой пары и получения более дешевого товара бесплатно согласно правилуются примерно путем сопоставления каждой пары и получения более дешевого товара бесплатно согласно правилуются примерно путем сопоставления каждой пары и получения более дешевого товара бесплатно согласно правилуются примерно путем сопоставления каждой пары и получения более дешевого товара бесплатно согласно правилуются примерно путем сопоставления каждой пары и получения более дешевого товара бесплатно согласно правилуются примерно путем соп", "numeric_answer": null, "relative_error": null, "thinking_text": null, "has_tool_call": false, "tool_call": null, "usage": {"prompt_tokens": 147, "completion_tokens": 256, "total_tokens": 403, "token_count_source": "tokenizer"}, "decoding": {"temperature": 0.2, "top_p": null, "top_k": null, "max_tokens": 256, "seed": 42}, "prompt_tokens": 147, "completion_tokens": 256, "total_tokens": 403, "token_count_source": "tokenizer", "diffusion_steps": null, "flops_estimate": null, "flops_arch": null, "flops_model_params": null, "flops_active_params": null, "tokens_non_final": 169, "tokens_reasoning": 0, "tokens_response": 169, "elapsed_seconds": 18.29858899116516, "judgement": "Uncategorized"}
{"id": "discounts_000643", "topic": "discounts", "subtopic": "buy_n_get_m", "prompt": "Buy 5 get 1 free on items priced $4.62 each. You take 12 total. About how much do you pay?", "exact_value": 46.2, "model": "tiiuae/Falcon-H1-7B-Instruct", "provider": "transformers", "response": "Finalютсяwicklungируяwicklungwicklungwicklungwicklungwicklungwicklungwicklungwicklungwicklungwicklungwicklungwicklungwicklungwicklungwicklungwicklungwicklungwicklungwicklungwicklungwicklungwicklungwicklungwicklungwicklungwicklungwicklungwicklungwicklungwicklungwicklungwicklungwicklungwicklungwicklungwicklungwicklungwicklungwicklungwicklungwicklungwicklungwicklungwicklungwicklungwicklungwicklungwicklungwicklungwicklungwicklungwicklungwicklungwicklungwicklungwicklungwicklungwicklungwicklungwicklungwicklungwicklungwicklungwicklungwicklungwicklungwicklungwicklungwicklungwicklungwicklungwicklungwicklungwicklungwicklungwicklungwicklungwicklungwicklungwicklungwicklungwicklungwicklungwicklungwicklungwicklungwicklungwicklungwicklungwicklungwicklungwicklungwicklungwicklungwicklungwicklungwicklungwicklungwicklungwicklungwicklungwicklungwicklungwicklungwicklungwicklungwicklungwicklungwicklungwicklungwicklungwicklungwicklungwicklungwicklungwicklungwicklungwicklungwicklungwicklungwicklungwicklungwicklungwicklungwicklungwicklungwicklungwicklungwicklungwicklungwicklungwicklungwicklungwicklungwicklungwicklungwicklungwicklungwicklungwicklungwicklungwicklungwicklungwicklungwicklungwicklungwicklungwicklungwicklungwicklungwicklungwicklungwicklungwicklungwicklungwicklungwicklungwicklungwicklungwicklungwicklungwicklungwicklungwicklungwicklungwicklungwicklungwicklungwicklungwicklungwicklungwicklungwicklungwicklungwicklungwicklungwicklungwicklungwicklungwicklungwicklungwicklungwicklungwicklungwicklungwicklungwicklungwicklungwicklungwicklungwicklungwicklungwicklungwicklungwicklungwicklungwicklungwicklungwicklungwicklungwicklungwicklungwicklungwicklungwicklungwicklungwicklungwicklungwicklungwicklungwicklungwicklungwicklungwicklungwicklungwicklungwicklungwicklungwicklungwicklungwicklungwicklungwicklungwicklungwicklungwicklungwicklungwicklungwicklungwicklungwicklungwicklungwicklungwicklungwicklungwicklungwicklungwicklungwicklungwicklungwicklungwicklungwicklungwicklungwicklungwicklungwicklungwicklungwicklungwicklungwicklungwicklung", "numeric_answer": null, "relative_error": null, "thinking_text": null, "has_tool_call": false, "tool_call": null, "usage": {"prompt_tokens": 109, "completion_tokens": 256, "total_tokens": 365, "token_count_source": "tokenizer"}, "decoding": {"temperature": 0.2, "top_p": null, "top_k": null, "max_tokens": 256, "seed": 42}, "prompt_tokens": 109, "completion_tokens": 256, "total_tokens": 365, "token_count_source": "tokenizer", "diffusion_steps": null, "flops_estimate": null, "flops_arch": null, "flops_model_params": null, "flops_active_params": null, "tokens_non_final": 1, "tokens_reasoning": 0, "tokens_response": 1, "elapsed_seconds": 18.425490856170654, "judgement": "Uncategorized"}
{"id": "discounts_000663", "topic": "discounts", "subtopic": "stacked", "prompt": "Stacked deal: 15% off, then $5 coupon if you spend $50 or more. Cart: $16.58, $23.77, $10.19. About how much do you pay?", "exact_value": 42.96, "model": "tiiuae/Falcon-H1-7B-Instruct", "provider": "transformers", "response": "Finalются примерно путем применения скидки и купона согласно условиям сделкиываются путем применения скидки и купона согласно условиям сделкиются путем применения скидки и купона согласно условиям сделкиываются путем применения скидки и купона согласно условиям сделкиываются путем применения скидки и купона согласно условиям сделкиываются путем применения скидки и купона согласно условиям сделкиываются путем применения скидки и купона согласно условиям сделкиываются путем применения скидки и купона согласно условиям сделкиываются путем применения скидки и купона согласно условиям сделкиываются путем применения скидки и купона согласно условиям сделкиываются путем применения скидки и купона согласно условиям сделкиываются путем применения скидки и купона согласно условиям сделкиываются путем применения скидкиются путем применения скидкиются путем применения скидкиются путем применения скидкиются путем примененияются путем примененияются путем примененияются путем примененияются путем примененияются путем примененияются путем примененияются путем примененияются путем примененияются путем примененияются путем примененияются путем примененияются путем примененияются путем примененияются путем примененияются путем примененияются путем примененияются путем примененияются путем примененияются путем примененияются путем примененияются путем примененияются путем примененияются путем примененияются путем", "numeric_answer": null, "relative_error": null, "thinking_text": null, "has_tool_call": false, "tool_call": null, "usage": {"prompt_tokens": 135, "completion_tokens": 256, "total_tokens": 391, "token_count_source": "tokenizer"}, "decoding": {"temperature": 0.2, "top_p": null, "top_k": null, "max_tokens": 256, "seed": 42}, "prompt_tokens": 135, "completion_tokens": 256, "total_tokens": 391, "token_count_source": "tokenizer", "diffusion_steps": null, "flops_estimate": null, "flops_arch": null, "flops_model_params": null, "flops_active_params": null, "tokens_non_final": 159, "tokens_reasoning": 0, "tokens_response": 159, "elapsed_seconds": 18.443762063980103, "judgement": "Uncategorized"}
{"id": "discounts_000683", "topic": "discounts", "subtopic": "percent", "prompt": "Cart: $27.44, $47.42, $41.38, $11.58, $35.37. A 25% discount applies to everything. About how much do you pay?", "exact_value": 122.39, "model": "tiiuae/Falcon-H1-7B-Instruct", "provider": "transformers", "response": "Finalются примерно путем применения скидки примерно на ются примерно путем применения скидки примерно наются примерно путем примененияются примерно путем примененияются примерно путем примененияются примерно путем примененияются примерно путем примененияются примерно путем примененияются примерно путем примененияются примерно путем примененияются примерно путем примененияются примерно путем примененияются примерно путем примененияются примерно путем примененияются примерно путем примененияются примерно путем примененияются примерно путем примененияются примерно путем примененияются примерно путем примененияются примерно путем примененияются примерно путем примененияются примерно путем примененияются примерно путем примененияются примерно путем примененияются примерно путем примененияются примерно путем примененияются примерно путем примененияются примерно путем примененияются примерно путем примененияются примерно путем примененияются примерно путем примененияются примерно путем примененияются примерно путем примененияются примерно путем примененияются примерно путем примененияются примерно путем примененияются примерно путем примененияются примерно путем примененияются примерно путем примененияются примерно путем примененияются примерно путем примененияются примерно путем примененияются примерно путем примененияются примерно путем примененияются примерно путем примененияются примерно путем примененияются примерно путем примененияются примерно путем примененияются примерно путем примененияются примерно путем примененияются примерно путем примененияются примерно путем примененияются примерно путем примененияются примерно путем примененияются примерно путем примененияются примерно путем примененияются примерно путем примененияются примерно путем примененияются примерно путем примененияются примерно путем примененияются примерно путем применения", "numeric_answer": null, "relative_error": null, "thinking_text": null, "has_tool_call": false, "tool_call": null, "usage": {"prompt_tokens": 136, "completion_tokens": 256, "total_tokens": 392, "token_count_source": "tokenizer"}, "decoding": {"temperature": 0.2, "top_p": null, "top_k": null, "max_tokens": 256, "seed": 42}, "prompt_tokens": 136, "completion_tokens": 256, "total_tokens": 392, "token_count_source": "tokenizer", "diffusion_steps": null, "flops_estimate": null, "flops_arch": null, "flops_model_params": null, "flops_active_params": null, "tokens_non_final": 191, "tokens_reasoning": 0, "tokens_response": 191, "elapsed_seconds": 18.51356029510498, "judgement": "Uncategorized"}
{"id": "discounts_000703", "topic": "discounts", "subtopic": "percent", "prompt": "Cart: $19.91, $32.12, $19.55, $20.11, $21.65. A 15% discount applies to everything. About how much do you pay?", "exact_value": 96.34, "model": "tiiuae/Falcon-H1-7B-Instruct", "provider": "transformers", "response": "Finalются примерно к сумме после применения скидки примерно к стоимости всего заказа путем суммирования стоимости позиций и применения скидки примерно на ются примерно к сумме после применения скидки примерно к стоимости всего заказа путем суммирования стоимости позиций и применения скидки примерно наются примерно к сумме после примененияются примерно к сумме после примененияются примерно к сумме после примененияются примерно к сумме после примененияются примерно к сумме после примененияются примерно к сумме после примененияются примерно к сумме после примененияются примерно к сумме после примененияются примерно к сумме после примененияются примерноются примерноются примерноются примерноются примерноются примерноются примерноются примерноются примерноются примерноются примерноются примерноются примерноются примерноываются примерноываются примерноываются примерноываются примерноываются примерноываются примерноываются примерноываются примерноываются примерноываются примерноываются примерноываются примерноываются примерноываются примерноываются примерноываются примерноываются примерноываются примерноываются примерноываются примерноываются примерноываются примерноываются примерноываются примерноываются примерноываются примерноываются примерноываются примерноываются примерноываются примерноываются примерноываются примерноываются примерноываются примерноываются примерноываются примерноываются примерноываются примерноываются примерноываются примерноываются примерноываются примерноываются примерноываются примерноываются примерноываются примерноываются примерноываются примерноываются примерноываются примерноываются примерноываются", "numeric_answer": null, "relative_error": null, "thinking_text": null, "has_tool_call": false, "tool_call": null, "usage": {"prompt_tokens": 136, "completion_tokens": 256, "total_tokens": 392, "token_count_source": "tokenizer"}, "decoding": {"temperature": 0.2, "top_p": null, "top_k": null, "max_tokens": 256, "seed": 42}, "prompt_tokens": 136, "completion_tokens": 256, "total_tokens": 392, "token_count_source": "tokenizer", "diffusion_steps": null, "flops_estimate": null, "flops_arch": null, "flops_model_params": null, "flops_active_params": null, "tokens_non_final": 152, "tokens_reasoning": 0, "tokens_response": 152, "elapsed_seconds": 18.426738262176514, "judgement": "Uncategorized"}
{"id": "discounts_000723", "topic": "discounts", "subtopic": "percent", "prompt": "Cart: $48.29, $29.75, $30.14, $33.26, $21.69. A 25% discount applies to everything. About how much do you pay?", "exact_value": 122.35, "model": "tiiuae/Falcon-H1-7B-Instruct", "provider": "transformers", "response": "Finalются примерно к сумме после применения скидки примерно примерно примерно примерно примерно примерно примерно примерно примерно примерно примерно примерно примерно примерно примерно примерно примерно примерно примерно примерно примерно примерно примерно примерно примерно примерно примерно примерно примерно примерно примерно примерно примерно примерно примерно примерно примерно примерно примерно примерно примерно примерно примерно примерно примерно примерно примерно примерно примерно примерно примерно примерно примерно примерно примерно примерно примерно примерно примерно примерно примерно примерно примерно примерно примерно примерно примерно примерно примерно примерно примерно примерно примерно примерно примерно примерно примерно примерно примерно примерно примерно примерно примерно примерно примерно примерно примерно примерно примерно примерно примерно примерно примерно примерно примерно примерно примерно примерно примерно примерно примерно примерно примерно примерно примерно примерно примерно примерно примерно примерно примерно примерно примерно примерно примерно примерно примерно примерно примерно примерно примерно примерно примерно примерно примерно примерно примерно примерно примерно примерно примерно примерно примерно примерно примерно примерно примерно примерно примерно примерно примерно примерно примерно примерно примерно примерно примерно примерно примерно примерно примерно примерно примерно примерно примерно примерно примерно примерно примерно примерно примерно примерно примерно примерно примерно примерно примерно примерно примерно примерно примерно примерно примерно примерно примерно примерно примерно примерно примерно примерно примерно примерно примерно примерно примерно примерно примерно примерно примерно примерно примерно примерно примерно примерно примерно примерно примерно примерно примерно примерно примерно примерно примерно примерно примерно примерно примерно примерно примерно примерно примерно примерно примерно примерно примерно примерно примерно примерно примерно примерно примерно примерно примерно примерно примерно примерно примерно примерно примерно примерно примерно примерно примерно примерно примерно примерно примерно примерно примерно примерно примерно примерно примерно примерно примерно", "numeric_answer": null, "relative_error": null, "thinking_text": null, "has_tool_call": false, "tool_call": null, "usage": {"prompt_tokens": 136, "completion_tokens": 256, "total_tokens": 392, "token_count_source": "tokenizer"}, "decoding": {"temperature": 0.2, "top_p": null, "top_k": null, "max_tokens": 256, "seed": 42}, "prompt_tokens": 136, "completion_tokens": 256, "total_tokens": 392, "token_count_source": "tokenizer", "diffusion_steps": null, "flops_estimate": null, "flops_arch": null, "flops_model_params": null, "flops_active_params": null, "tokens_non_final": 252, "tokens_reasoning": 0, "tokens_response": 252, "elapsed_seconds": 18.36743712425232, "judgement": "Uncategorized"}
{"id": "discounts_000743", "topic": "discounts", "subtopic": "bogo", "prompt": "BOGO sale (buy one, get one free; free item is the cheaper one in each pair). Items: $22.88, $9.78. About how much do you pay?", "exact_value": 22.88, "model": "tiiuae/Falcon-H1-7B-Instruct", "provider": "transformers", "response": "Finalются примерно на сумму стоимости более дорогого предмета после применения акции BOются примерно на сумму стоимости более дорогого предмета после применения акцииются примерно на сумму стоимости более дорогого предмета после примененияются примерно на сумму стоимостиются примерноются примерноются примерноются примерноются примерноаются примерноаются примерноаются примерноаются примерноаются примерноаются примерноаются примерноаются примерноаются примерноаются примерноаются примерноаются примерноаются примерноаются примерноаются примерноаются примерноаются примерноаются примерноаются примерноаются примерноаются примерноаются примерноаются примерноаются примерноаются примерноаются примерноаются примерноаются примерноаются примерноаются примерноаются примерноаются примерноаются примерноаются примерноаются примерноаются примерноаются примерноаются примерноаются примерноаются примерноаются примерноаются примерноаются примерноаются примерноаются примерноаются примерноаются примерноаются примерноаются примерноаются примерноаются примерноаются примерноаются примерноаются примерноаются примерноаются примерноаются примерноаются примерноаются примерноаются примерноаются примерноаются примерноаются примерноаются примерноаются примерноаются примерноаются примерноаются примерноаются примерноаются примерноаются примерноаются примерноаются примерноаются примерноаются примерноаются примерноаются примерноаются примерноаются примерноаются примерноаются примерноаются примерноаются примерноаются примерноаются примерноаются примерноаются примерноаются примерноаются примерноаются примерноаются примерноаются примерноаются примерноаются примерноаются примерноаются примерноаются примерноаются примерноаются примерно", "numeric_answer": null, "relative_error": null, "thinking_text": null, "has_tool_call": false, "tool_call": null, "usage": {"prompt_tokens": 123, "completion_tokens": 256, "total_tokens": 379, "token_count_source": "tokenizer"}, "decoding": {"temperature": 0.2, "top_p": null, "top_k": null, "max_tokens": 256, "seed": 42}, "prompt_tokens": 123, "completion_tokens": 256, "total_tokens": 379, "token_count_source": "tokenizer", "diffusion_steps": null, "flops_estimate": null, "flops_arch": null, "flops_model_params": null, "flops_active_params": null, "tokens_non_final": 139, "tokens_reasoning": 0, "tokens_response": 139, "elapsed_seconds": 18.556957483291626, "judgement": "Uncategorized"}
{"id": "discounts_000763", "topic": "discounts", "subtopic": "bogo", "prompt": "BOGO sale (buy one, get one free; free item is the cheaper one in each pair). Items: $11.36, $1.82. About how much do you pay?", "exact_value": 11.36, "model": "tiiuae/Falcon-H1-7B-Instruct", "provider": "transformers", "response": "Finalются примерно на сумму стоимости более дорогой позиции после применения акции. Поскольку более дешёвая позиция предоставляется бесплатно согласно условиям акцииются примерно на сумму стоимости более дорогой позиции после применения акцииются примерно на сумму стоимости более дорогой позиции после примененияются примерно на сумму стоимостиются примерно на сумму стоимостиются примерно на сумму стоимостиются примерноются примерноются примерноаются примерноаются примерноаются примерноаются примерноаются примерноаются примерноаются примерноаются примерноаются примерноаются примерноаются примерноаются примерноаются примерноаются примерноаются примерноаются примерноаются примерноаются примерноаются примерноаются примерноаются примерноаются примерноаются примерноаются примерноаются примерноаются примерноаются примерноаются примерноаются примерноаются примерноаются примерноаются примерноаются примерноаются примерноаются примерноаются примерноаются примерноаются примерноаются примерноаются примерноаются примерноаются примерноаются примерноаются примерноаются примерноаются примерноаются примерноаются примерноаются примерноаются примерноаются примерноаются примерноаются примерноаются примерноаются примерноаются примерноаются примерноаются примерноаются примерноаются примерноаются примерноаются примерноаются примерноаются примерноаются примерноаются примерноаются примерноаются примерноаются примерноаются примерноаются примерноаются примерноаются примерноаются примерноаются примерноаются примерноаются примерноаются примерноаются примерноаются примерноаются примерноаются примерноаются примерноаются примерноаются примерноаются примерноаются примерноаются примерноаются примерноаются примерноаются примерно", "numeric_answer": null, "relative_error": null, "thinking_text": null, "has_tool_call": false, "tool_call": null, "usage": {"prompt_tokens": 123, "completion_tokens": 256, "total_tokens": 379, "token_count_source": "tokenizer"}, "decoding": {"temperature": 0.2, "top_p": null, "top_k": null, "max_tokens": 256, "seed": 42}, "prompt_tokens": 123, "completion_tokens": 256, "total_tokens": 379, "token_count_source": "tokenizer", "diffusion_steps": null, "flops_estimate": null, "flops_arch": null, "flops_model_params": null, "flops_active_params": null, "tokens_non_final": 145, "tokens_reasoning": 0, "tokens_response": 145, "elapsed_seconds": 18.435635328292847, "judgement": "Uncategorized"}
{"id": "discounts_000783", "topic": "discounts", "subtopic": "stacked", "prompt": "Stacked deal: 15% off, then $10 coupon if you spend $30 or more. Cart: $37.23, $37.65, $36.92, $14.32, $6.23. About how much do you pay?", "exact_value": 102.5, "model": "tiiuae/Falcon-H1-7B-Instruct", "provider": "transformers", "response": "Finalются примерно путем применения скидки и купона согласно условиям сделкиываются путем применения скидки и купона согласно условиям сделкиются путем применения скидки и купона согласно условиям сделкиываются путем применения скидки и купона согласно условиям сделкиываются путем применения скидки и купона согласно условиям сделкиываются путем применения скидки и купона согласно условиям сделкиываются путем применения скидки и купона согласно условиям сделкиываются путем применения скидки и купона согласно условиям сделкиываются путем применения скидки и купона согласно условиям сделкиываются путем применения скидки и купона согласно условиям сделкиываются путем применения скидки и купона согласно условиям сделкиываются путем применения скидки и купона согласно условиям сделкиываются путем применения скидки и купона согласно условиям сделкиываются путем применения скидки и купона согласно условиям сделкиываются путем применения скидки и купона согласно условиям сделкиываются путем применения скидки и купона согласно условиям сделкиываются путем применения скидки и купона согласно условиям сделкиываются путем применения скидки и купона согласно условиям сделкиываются путем применения скидки и купона согласно условиям сделкиываются путем применения скидки и", "numeric_answer": null, "relative_error": null, "thinking_text": null, "has_tool_call": false, "tool_call": null, "usage": {"prompt_tokens": 151, "completion_tokens": 256, "total_tokens": 407, "token_count_source": "tokenizer"}, "decoding": {"temperature": 0.2, "top_p": null, "top_k": null, "max_tokens": 256, "seed": 42}, "prompt_tokens": 151, "completion_tokens": 256, "total_tokens": 407, "token_count_source": "tokenizer", "diffusion_steps": null, "flops_estimate": null, "flops_arch": null, "flops_model_params": null, "flops_active_params": null, "tokens_non_final": 158, "tokens_reasoning": 0, "tokens_response": 158, "elapsed_seconds": 18.4314923286438, "judgement": "Uncategorized"}
{"id": "discounts_000803", "topic": "discounts", "subtopic": "bogo", "prompt": "BOGO sale (buy one, get one free; free item is the cheaper one in each pair). Items: $23.07, $19.42, $17.76, $16.24, $13.92, $4.39. About how much do you pay?", "exact_value": 54.75, "model": "tiiuae/Falcon-H1-7B-Instruct", "provider": "transformers", "response": "Finalются примерно путем сопоставления каждого пары товаров и выбора более дешевого для получения бесплатного товара согласно правилу акции BOются примерно путем сопоставления каждой пары товаров и получения более дешевого бесплатно согласно правилу акцииются примерно путем сопоставления каждой пары товаров и получения более дешевого бесплатно согласно правилу акцииются примерно путем сопоставления каждой пары товаров и получения более дешевого бесплатно согласно правилу акцииются примерно путем сопоставления каждой пары товаров и получения более дешевого бесплатно согласно правилу акцииются примерно путем сопоставления каждой пары товаров и получения более дешевого бесплатно согласно правилу акцииются примерно путем сопоставления каждой пары товаров и получения более дешевого бесплатно согласно правилу акцииются примерно путем сопоставления каждой пары товаров и получения более дешевого бесплатно согласно правилу акцииются примерно путем сопоставления каждой пары товаров и получения более дешевого бесплатно согласно правилу акцииются примерно путем сопоставления каждой пары товаров и получения более дешевого бесплатно согласно правилу акцииются примерно путем сопоставления каждой пары товаров и получения более дешевого бесплатно согласно правилу акцииются примерно путем сопоставления каждой пары товаров и получения более дешевого бесплатно согласно правилу акцииются примерно путем сопоставления каждой пар", "numeric_answer": null, "relative_error": null, "thinking_text": null, "has_tool_call": false, "tool_call": null, "usage": {"prompt_tokens": 155, "completion_tokens": 256, "total_tokens": 411, "token_count_source": "tokenizer"}, "decoding": {"temperature": 0.2, "top_p": null, "top_k": null, "max_tokens": 256, "seed": 42}, "prompt_tokens": 155, "completion_tokens": 256, "total_tokens": 411, "token_count_source": "tokenizer", "diffusion_steps": null, "flops_estimate": null, "flops_arch": null, "flops_model_params": null, "flops_active_params": null, "tokens_non_final": 178, "tokens_reasoning": 0, "tokens_response": 178, "elapsed_seconds": 18.366174936294556, "judgement": "Uncategorized"}
{"id": "discounts_000823", "topic": "discounts", "subtopic": "stacked", "prompt": "Stacked deal: 20% off, then $10 coupon if you spend $30 or more. Cart: $8.48, $35.86, $5.64, $31.66, $9.45. About how much do you pay?", "exact_value": 62.87, "model": "tiiuae/Falcon-H1-7B-Instruct", "provider": "transformers", "response": "Finalются примерно путем применения скидки и купона согласно условиям сделкиываются путем применения скидки и купона согласно условиям сделкиются путем применения скидки и купона согласно условиям сделкиываются путем применения скидки и купона согласно условиям сделкиываются путем применения скидки и купона согласно условиям сделкиываются путем применения скидки и купона согласно условиям сделкиываются путем применения скидки и купона согласно условиям сделкиываются путем применения скидки и купона согласно условиям сделкиываются путем применения скидки и купона согласно условиям сделкиываются путем применения скидки и купона согласно условиям сделкиываются путем применения скидки и купона согласно условиям сделкиываются путем применения скидки и купона согласно условиям сделкиываются путем применения скидки и купона согласно условиям сделкиываются путем применения скидкиются путем применения скидкиются путем применения скидкиются путем применения скидкиются путем применения скидкиются путем примененияются путем примененияываются путем примененияываются путем примененияываются путем примененияываются путем примененияываются путем примененияываются путем примененияываются путем примененияываются путем примененияываются путем примененияются путем примененияются путем примененияются путем примененияются путем примененияются путем примененияются путем примененияются путем примененияются", "numeric_answer": null, "relative_error": null, "thinking_text": null, "has_tool_call": false, "tool_call": null, "usage": {"prompt_tokens": 149, "completion_tokens": 256, "total_tokens": 405, "token_count_source": "tokenizer"}, "decoding": {"temperature": 0.2, "top_p": null, "top_k": null, "max_tokens": 256, "seed": 42}, "prompt_tokens": 149, "completion_tokens": 256, "total_tokens": 405, "token_count_source": "tokenizer", "diffusion_steps": null, "flops_estimate": null, "flops_arch": null, "flops_model_params": null, "flops_active_params": null, "tokens_non_final": 157, "tokens_reasoning": 0, "tokens_response": 157, "elapsed_seconds": 18.379495859146118, "judgement": "Uncategorized"}
{"id": "discounts_000843", "topic": "discounts", "subtopic": "buy_n_get_m", "prompt": "Buy 4 get 2 free on items priced $5.03 each. You take 9 total. About how much do you pay?", "exact_value": 35.21, "model": "tiiuae/Falcon-H1-7B-Instruct", "provider": "transformers", "response": "Finalются примерно путем подсчета стоимости примерно половины из взятыхlagtовать примерно путем подсчета стоимости примерно половины из взятыхlagtовать примерно путем подсчета стоимости примерно половины из взятыхlagtовать примерно путем подсчета стоимости примерно половины из взятыхlagtовать примерно путем подсчета стоимости примерно половины из взятыхlagtовать примерно путем подсчета стоимости примерно половины из взятыхlagtовать примерно путем подсчета стоимости примерно половины из взятыхlagtовать примерно путем подсчета стоимости примерно половины из взятыхlagtовать примерно путем подсчета стоимости примерно половины из взятыхlagtовать примерно путем подсчета стоимости примерно половины из взятыхlagtовать примерно путем подсчета стоимости примерно половины из взятыхlagtовать примерно путем подсчета стоимости примерно половины из взятыхlagtовать примерно путем подсчета стоимости примерно половины из взятыхlagtовать примерно путем подсчета стоимости примерно половиныются путем подсчета стоимости примерно половины из взятыхlagtовать примерно путем подсчета стоимости примерно половиныются путем подсчета стоимости примерно половиныются путем подсчета стоимости примерно половиныются путем подсчета стоимости примерно половиныются путем подсчета стоимости примерно половиныются путем подсч", "numeric_answer": null, "relative_error": null, "thinking_text": null, "has_tool_call": false, "tool_call": null, "usage": {"prompt_tokens": 108, "completion_tokens": 256, "total_tokens": 364, "token_count_source": "tokenizer"}, "decoding": {"temperature": 0.2, "top_p": null, "top_k": null, "max_tokens": 256, "seed": 42}, "prompt_tokens": 108, "completion_tokens": 256, "total_tokens": 364, "token_count_source": "tokenizer", "diffusion_steps": null, "flops_estimate": null, "flops_arch": null, "flops_model_params": null, "flops_active_params": null, "tokens_non_final": 146, "tokens_reasoning": 0, "tokens_response": 146, "elapsed_seconds": 18.68360137939453, "judgement": "Uncategorized"}
{"id": "discounts_000863", "topic": "discounts", "subtopic": "threshold", "prompt": "Threshold coupon applies: $10 off $25+ spend. Cart: $34.92, $8.51, $12.79. About how much do you pay?", "exact_value": 46.22, "model": "tiiuae/Falcon-H1-7B-Instruct", "provider": "transformers", "response": "Finalются примерно путем подсчета стоимости корзины и применения купона согласно условиямются примерно путем подсчета стоимости корзины и применения купона согласно условиямются примерно путем подсчета стоимости корзины и применения купона согласно условиямются примерно путем подсчета стоимости корзины и применения купона согласно условиямются примерно путем подсчета стоимости корзины и применения купона согласно условиямются примерно путем подсчета стоимости корзины и применения купона согласно условиямются примерно путем подсчета стоимости корзины и применения купона согласно условиямются примерно путем подсчета стоимости корзины и применения купона согласно условиямются примерно путем подсчета стоимости корзины и применения купона согласно условиямываются примерно путем подсчета стоимости корзины и применения купона согласно условиямываются примерно путем подсчета стоимости корзины и применения купона согласно условиямываются примерно путем подсчета стоимости корзины и применения купона согласно условиямываются примерно путем подсчета стоимости корзины и применения купона согласно условиямываются примерно путем подсчета стоимости корзины и применения купона согласно условиямываются примерно путем подсчета стоимости корзины и применения купона согласно условиям", "numeric_answer": null, "relative_error": null, "thinking_text": null, "has_tool_call": false, "tool_call": null, "usage": {"prompt_tokens": 125, "completion_tokens": 256, "total_tokens": 381, "token_count_source": "tokenizer"}, "decoding": {"temperature": 0.2, "top_p": null, "top_k": null, "max_tokens": 256, "seed": 42}, "prompt_tokens": 125, "completion_tokens": 256, "total_tokens": 381, "token_count_source": "tokenizer", "diffusion_steps": null, "flops_estimate": null, "flops_arch": null, "flops_model_params": null, "flops_active_params": null, "tokens_non_final": 151, "tokens_reasoning": 0, "tokens_response": 151, "elapsed_seconds": 18.44632077217102, "judgement": "Uncategorized"}
{"id": "discounts_000883", "topic": "discounts", "subtopic": "percent", "prompt": "Cart: $39.81, $20.15, $41.33, $23.55, $23.05. A 25% discount applies to everything. About how much do you pay?", "exact_value": 110.92, "model": "tiiuae/Falcon-H1-7B-Instruct", "provider": "transformers", "response": "Finalются примерно путем суммирования стоимости всех позиций в корзине и затем применения скидки примерно на ются примерно путем суммирования стоимости всех позиций в корзине и затем применения скидки примерно наемыеются примерно путем суммирования стоимости всех позиций в корзине и затем применения скидки примерно наемыеются примерно путем суммирования стоимости всех позиций в корзине и затем применения скидки примерно наемыеются примерно путем суммирования стоимости всех позиций в корзине и затем применения скидки примерно наемыеются примерно путем суммирования стоимости всех позицийются примерно путем суммирования стоимости всех позицийются примерно путем суммирования стоимости всех позицийются примерно путем суммирования стоимости всех позицийются примерно путем суммирования стоимости всех позицийются примерно путем суммирования стоимости всех позицийются примерно путем суммирования стоимости всех позицийются примерно путем суммирования стоимости всех позицийются примерно путем суммирования стоимости всех позицийются примерно путем суммирования стоимости всех позицийются примерно путем суммирования стоимости всех позицийются примерно путем суммирования стоимости всех позицийются примерно путем суммирования стоимости всех позицийются примерно путем суммирования стоимости всех позиций", "numeric_answer": null, "relative_error": null, "thinking_text": null, "has_tool_call": false, "tool_call": null, "usage": {"prompt_tokens": 136, "completion_tokens": 256, "total_tokens": 392, "token_count_source": "tokenizer"}, "decoding": {"temperature": 0.2, "top_p": null, "top_k": null, "max_tokens": 256, "seed": 42}, "prompt_tokens": 136, "completion_tokens": 256, "total_tokens": 392, "token_count_source": "tokenizer", "diffusion_steps": null, "flops_estimate": null, "flops_arch": null, "flops_model_params": null, "flops_active_params": null, "tokens_non_final": 156, "tokens_reasoning": 0, "tokens_response": 156, "elapsed_seconds": 18.4182550907135, "judgement": "Uncategorized"}
{"id": "discounts_000903", "topic": "discounts", "subtopic": "percent", "prompt": "Cart: $12.50, $16.62, $17.19. A 10% discount applies to everything. About how much do you pay?", "exact_value": 41.68, "model": "tiiuae/Falcon-H1-7B-Instruct", "provider": "transformers", "response": "Finalются примерно путем применения скидки примерно на ются примерно путем применения скидки примерно наются примерно путем примененияются примерно путем примененияются примерно путем примененияются примерно путем примененияются примерно путем примененияются примерно путем примененияются примерно путем примененияются примерно путем примененияются примерно путем примененияются примерно путем примененияются примерно путем примененияются примерно путем примененияются примерно путем примененияются примерно путем примененияются примерно путем примененияются примерно путем примененияются примерно путем примененияются примерно путем примененияются примерно путем примененияются примерно путем примененияются примерно путем примененияются примерно путем примененияются примерно путем примененияются примерно путем примененияются примерно путем примененияются примерно путем примененияются примерно путем примененияются примерно путем примененияются примерно путем примененияются примерно путем примененияются примерно путем примененияются примерно путем примененияются примерно путем примененияются примерно путем примененияются примерно путем примененияются примерно путем примененияются примерно путем примененияются примерно путем примененияются примерно путем примененияются примерно путем примененияются примерно путем примененияются примерно путем примененияются примерно путем примененияются примерно путем примененияются примерно путем примененияются примерно путем примененияются примерно путем примененияются примерно путем примененияются примерно путем примененияются примерно путем примененияются примерно путем примененияются примерно путем примененияются примерно путем примененияются примерно путем примененияются примерно путем примененияются примерно путем примененияются примерно путем примененияются примерно путем примененияются примерно путем применения", "numeric_answer": null, "relative_error": null, "thinking_text": null, "has_tool_call": false, "tool_call": null, "usage": {"prompt_tokens": 120, "completion_tokens": 256, "total_tokens": 376, "token_count_source": "tokenizer"}, "decoding": {"temperature": 0.2, "top_p": null, "top_k": null, "max_tokens": 256, "seed": 42}, "prompt_tokens": 120, "completion_tokens": 256, "total_tokens": 376, "token_count_source": "tokenizer", "diffusion_steps": null, "flops_estimate": null, "flops_arch": null, "flops_model_params": null, "flops_active_params": null, "tokens_non_final": 191, "tokens_reasoning": 0, "tokens_response": 191, "elapsed_seconds": 18.386110544204712, "judgement": "Uncategorized"}
{"id": "discounts_000923", "topic": "discounts", "subtopic": "bogo", "prompt": "BOGO sale (buy one, get one free; free item is the cheaper one in each pair). Items: $10.61, $2.49. About how much do you pay?", "exact_value": 10.61, "model": "tiiuae/Falcon-H1-7B-Instruct", "provider": "transformers", "response": "Finalются примерно на сумму стоимости одного из продуктов после применения акции BOGOются примерно на сумму стоимости одного из продуктов после применения акцииются примерно на сумму стоимости одного из продуктов после примененияются примерно на сумму стоимости одного из продуктов после примененияются примерно на сумму стоимости одного из продуктов после примененияются примерно на сумму стоимости одного из продуктов после примененияются примерно на сумму стоимости одногоются примерноются примерноются примерноются примерноются примерноаются примерноаются примерноаются примерноаются примерноаются примерноаются примерноаются примерноаются примерноаются примерноаются примерноаются примерноаются примерноаются примерноаются примерноаются примерноаются примерноаются примерноаются примерноаются примерноаются примерноаются примерноаются примерноаются примерноаются примерноаются примерноаются примерноаются примерноаются примерноаются примерноаются примерноаются примерноаются примерноаются примерноаются примерноаются примерноаются примерноаются примерноаются примерноаются примерноаются примерноаются примерноаются примерноаются примерноаются примерноаются примерноаются примерноаются примерноаются примерноаются примерноаются примерноаются примерноаются примерноаются примерноаются примерноаются примерноаются примерноаются примерноаются примерноаются примерноаются примерноаются примерноаются примерноаются примерноаются примерноаются примерноаются примерноаются примерноаются примерноаются примерноаются примерноаются примерноаются примерноаются примерноаются примерноаются примерноаются примерноаются примерноаются примерноаются примерноаются примерноаются примерноаются примерноаются примерноаются примерноаются примерноаются примерноаются примерноаются", "numeric_answer": null, "relative_error": null, "thinking_text": null, "has_tool_call": false, "tool_call": null, "usage": {"prompt_tokens": 123, "completion_tokens": 256, "total_tokens": 379, "token_count_source": "tokenizer"}, "decoding": {"temperature": 0.2, "top_p": null, "top_k": null, "max_tokens": 256, "seed": 42}, "prompt_tokens": 123, "completion_tokens": 256, "total_tokens": 379, "token_count_source": "tokenizer", "diffusion_steps": null, "flops_estimate": null, "flops_arch": null, "flops_model_params": null, "flops_active_params": null, "tokens_non_final": 155, "tokens_reasoning": 0, "tokens_response": 155, "elapsed_seconds": 18.541365385055542, "judgement": "Uncategorized"}
{"id": "discounts_000943", "topic": "discounts", "subtopic": "stacked", "prompt": "Stacked deal: 20% off, then $5 coupon if you spend $50 or more. Cart: $22.54, $15.03, $37.69. About how much do you pay?", "exact_value": 55.21, "model": "tiiuae/Falcon-H1-7B-Instruct", "provider": "transformers", "response": "Finalются примерно путем применения скидки и купона согласно условиям сделкиываются путем применения скидки и купона согласно условиям сделкиются путем применения скидки и купона согласно условиям сделкиываются путем применения скидки и купона согласно условиям сделкиываются путем применения скидки и купона согласно условиям сделкиываются путем применения скидки и купона согласно условиям сделкиываются путем применения скидки и купона согласно условиям сделкиываются путем применения скидки и купона согласно условиям сделкиываются путем применения скидки и купона согласно условиям сделкиываются путем применения скидки и купона согласно условиям сделкиываются путем применения скидки и купона согласно условиям сделкиываются путем применения скидки и купона согласно условиям сделкиываются путем применения скидки и купона согласно условиям сделкиываются путем применения скидки и купона согласно условиям сделкиываются путем применения скидки и купона согласно условиям сделкиываются путем применения скидки и купона согласно условиям сделкиываются путем применения скидкиются путем применения скидкиются путем применения скидкиются путем применения скидкиются путем примененияются путем примененияываются путем примененияываются путем примененияываются путем примененияываются путем примененияываются путем примененияываются", "numeric_answer": null, "relative_error": null, "thinking_text": null, "has_tool_call": false, "tool_call": null, "usage": {"prompt_tokens": 135, "completion_tokens": 256, "total_tokens": 391, "token_count_source": "tokenizer"}, "decoding": {"temperature": 0.2, "top_p": null, "top_k": null, "max_tokens": 256, "seed": 42}, "prompt_tokens": 135, "completion_tokens": 256, "total_tokens": 391, "token_count_source": "tokenizer", "diffusion_steps": null, "flops_estimate": null, "flops_arch": null, "flops_model_params": null, "flops_active_params": null, "tokens_non_final": 156, "tokens_reasoning": 0, "tokens_response": 156, "elapsed_seconds": 18.638773202896118, "judgement": "Uncategorized"}
{"id": "discounts_000963", "topic": "discounts", "subtopic": "bogo", "prompt": "BOGO sale (buy one, get one free; free item is the cheaper one in each pair). Items: $23.00, $20.02, $17.46, $6.49, $2.60. About how much do you pay?", "exact_value": 43.06, "model": "tiiuae/Falcon-H1-7B-Instruct", "provider": "transformers", "response": "Finalются примерно путем сопоставления каждого пары товаров и выбора более дешевого для получения бесплатного товара согласно правилу акции BOGOются примерно путем сопоставления каждой пары товаров и получения более дешевого бесплатно согласно правилу акцииются примерно путем сопоставления каждой пары товаров и получения более дешевого бесплатно согласно правилу акцииются примерно путем сопоставления каждой пары товаров и получения более дешевого бесплатно согласно правилу акцииются примерно путем сопоставления каждой пары товаров и получения более дешевого бесплатно согласно правилу акцииются примерно путем сопоставления каждой пары товаров и получения более дешевого бесплатно согласно правилу акцииются примерно путем сопоставления каждой пары товаров и получения более дешевого бесплатно согласно правилу акцииются примерно путем сопоставления каждой пары товаров и получения более дешевого бесплатно согласно правилу акцииются примерно путем сопоставления каждой пары товаров и получения более дешевого бесплатно согласно правилу акцииются примерно путем сопоставления каждой пары товаров и получения более дешевого бесплатно согласно правилу акцииются примерно путем сопоставления каждой пары товаров и получения более дешевого бесплатно согласно правилу акцииются примерно путем сопоставления каждой пары товаров и получения более дешевого бесплатно согласно правилу акцииются примерно путем сопоставления каждой", "numeric_answer": null, "relative_error": null, "thinking_text": null, "has_tool_call": false, "tool_call": null, "usage": {"prompt_tokens": 146, "completion_tokens": 256, "total_tokens": 402, "token_count_source": "tokenizer"}, "decoding": {"temperature": 0.2, "top_p": null, "top_k": null, "max_tokens": 256, "seed": 42}, "prompt_tokens": 146, "completion_tokens": 256, "total_tokens": 402, "token_count_source": "tokenizer", "diffusion_steps": null, "flops_estimate": null, "flops_arch": null, "flops_model_params": null, "flops_active_params": null, "tokens_non_final": 177, "tokens_reasoning": 0, "tokens_response": 177, "elapsed_seconds": 18.69252896308899, "judgement": "Uncategorized"}
{"id": "discounts_000983", "topic": "discounts", "subtopic": "bogo", "prompt": "BOGO sale (buy one, get one free; free item is the cheaper one in each pair). Items: $17.50, $15.22, $8.66. About how much do you pay?", "exact_value": 26.16, "model": "tiiuae/Falcon-H1-7B-Instruct", "provider": "transformers", "response": "Finalются примерно на сумму стоимости двух более дорогих предметов после применения акции BOGOываются примерно на сумму стоимости двух более дорогих предметов после применения акцииются примерно на сумму стоимости двух более дорогих предметов после применения акцииются примерно на сумму стоимостиются примерно на сумму стоимостиются примерно на сумму стоимостиются примерно на сумму стоимостиются примерно на сумму стоимостиются примерно на сумму стоимостиются примерно на сумму стоимостиются примерноются примерноются примерноываются примерноываются примерноываются примерноываются примерноываются примерноываются примерноываются примерноываются примерноываются примерноываются примерноываются примерноываются примерноываются примерноываются примерноываются примерноываются примерноываются примерноываются примерноываются примерноываются примерноываются примерноываются примерноываются примерноываются примерноываются примерноываются примерноываются примерноываются примерноываются примерноываются примерноываются примерноываются примерноываются примерноываются примерноываются примерноываются примерноываются примерноываются примерноываются примерноываются примерноываются примерноываются примерноываются примерноываются примерноываются примерноываются примерноываются примерноываются примерноываются примерноываются примерноываются примерноываются примерноываются примерноываются примерноываются примерноываются примерноываются примерноываются примерноываются примерноываются примерноываются примерноываются примерноываются примерноываются примерноываются примерноываются примерноываются примерноываются примерноываются примерноываются примерноываются примерноываются примерноываются примерноываются примерноываются примерноываются примерноываются примерноываются примерноываются примерноываются примерноываются примерноываются примерноываются примерноываются примерноываются примерно", "numeric_answer": null, "relative_error": null, "thinking_text": null, "has_tool_call": false, "tool_call": null, "usage": {"prompt_tokens": 131, "completion_tokens": 256, "total_tokens": 387, "token_count_source": "tokenizer"}, "decoding": {"temperature": 0.2, "top_p": null, "top_k": null, "max_tokens": 256, "seed": 42}, "prompt_tokens": 131, "completion_tokens": 256, "total_tokens": 387, "token_count_source": "tokenizer", "diffusion_steps": null, "flops_estimate": null, "flops_arch": null, "flops_model_params": null, "flops_active_params": null, "tokens_non_final": 151, "tokens_reasoning": 0, "tokens_response": 151, "elapsed_seconds": 18.439631938934326, "judgement": "Uncategorized"}
{"id": "discounts_001003", "topic": "discounts", "subtopic": "bogo", "prompt": "BOGO sale (buy one, get one free; free item is the cheaper one in each pair). Items: $22.78, $21.06, $17.56, $9.49, $3.73, $1.89. About how much do you pay?", "exact_value": 44.07, "model": "tiiuae/Falcon-H1-7B-Instruct", "provider": "transformers", "response": "Finalются примерно путем сопоставления каждого пары товаров и выбора более дешевого для получения бесплатного товара согласно правилу акции BOGOются примерно путем сопоставления каждой пары товаров и получения более дешевого бесплатно согласно правилу акцииются примерно путем сопоставления каждой пары товаров и получения более дешевого бесплатно согласно правилу акцииются примерно путем сопоставления каждой пары товаров и получения более дешевого бесплатно согласно правилу акцииются примерно путем сопоставления каждой пары товаров и получения более дешевого бесплатно согласно правилу акцииются примерно путем сопоставления каждой пары товаров и получения более дешевого бесплатно согласно правилу акцииются примерно путем сопоставления каждой пары товаров и получения более дешевого бесплатно согласно правилу акцииются примерно путем сопоставления каждой пары товаров и получения более дешевого бесплатно согласно правилу акцииются примерно путем сопоставления каждой пары товаров и получения более дешевого бесплатно согласно правилу акцииются примерно путем сопоставления каждой пары товаров и получения более дешевого бесплатно согласно правилу акцииются примерно путем сопоставления каждой пары товаров и получения более дешевого бесплатно согласно правилу акцииются примерно путем сопоставления каждой пары товаров и получения более дешевого бесплатно согласно правилу акцииются примерно путем сопоставления каждой", "numeric_answer": null, "relative_error": null, "thinking_text": null, "has_tool_call": false, "tool_call": null, "usage": {"prompt_tokens": 153, "completion_tokens": 256, "total_tokens": 409, "token_count_source": "tokenizer"}, "decoding": {"temperature": 0.2, "top_p": null, "top_k": null, "max_tokens": 256, "seed": 42}, "prompt_tokens": 153, "completion_tokens": 256, "total_tokens": 409, "token_count_source": "tokenizer", "diffusion_steps": null, "flops_estimate": null, "flops_arch": null, "flops_model_params": null, "flops_active_params": null, "tokens_non_final": 177, "tokens_reasoning": 0, "tokens_response": 177, "elapsed_seconds": 18.638695001602173, "judgement": "Uncategorized"}
{"id": "discounts_001023", "topic": "discounts", "subtopic": "buy_n_get_m", "prompt": "Buy 4 get 1 free on items priced $2.87 each. You take 8 total. About how much do you pay?", "exact_value": 20.09, "model": "tiiuae/Falcon-H1-7B-Instruct", "provider": "transformers", "response": "Finalются примерно путем подсчета стоимости примерно половины из них плюс стоимость оставшихся примерно четверти после применения акцииются примерно путем подсчета стоимости примерно половины из них плюс стоимость оставшихся примерно четверти после применения акцииются примерно путем подсчета стоимости примерно половины из них плюс стоимость оставшихся примерно четверти после применения акцииются примерно путем подсчета стоимости примерно половины из них плюс стоимость примерно четверти после применения акцииются примерно путем подсчета стоимости примерно половины из них плюс стоимость примерно четверти после применения акцииются примерно путем подсчета стоимости примерно половины из них плюс стоимость примерно четверти после применения акцииются примерно путем подсчета стоимости примерно половиныются примерно путем подсчета стоимости примерно половиныются примерно путем подсчета стоимости примерно половиныются примерно путем подсчета стоимости примерно половиныются примерно путем подсчета стоимости примерно половиныются примерно путем подсчета стоимости примерно половиныются примерно путем подсчета стоимости примерно половиныются примерно путем подсчета стоимости примерно половиныются примерно путем подсчета стоимости примерно половиныются примерно путем подсчета стоимости примерно половиныются примерно путем подсчета стоимости примерно половиныются примерно путем подсчета стоимости примерно половиныются примерно путем подсчета стоимости примерно полов", "numeric_answer": null, "relative_error": null, "thinking_text": null, "has_tool_call": false, "tool_call": null, "usage": {"prompt_tokens": 108, "completion_tokens": 256, "total_tokens": 364, "token_count_source": "tokenizer"}, "decoding": {"temperature": 0.2, "top_p": null, "top_k": null, "max_tokens": 256, "seed": 42}, "prompt_tokens": 108, "completion_tokens": 256, "total_tokens": 364, "token_count_source": "tokenizer", "diffusion_steps": null, "flops_estimate": null, "flops_arch": null, "flops_model_params": null, "flops_active_params": null, "tokens_non_final": 172, "tokens_reasoning": 0, "tokens_response": 172, "elapsed_seconds": 18.529587268829346, "judgement": "Uncategorized"}
{"id": "discounts_001043", "topic": "discounts", "subtopic": "threshold", "prompt": "Threshold coupon applies: $5 off $25+ spend. Cart: $35.97, $4.76, $38.83, $33.01. About how much do you pay?", "exact_value": 107.57, "model": "tiiuae/Falcon-H1-7B-Instruct", "provider": "transformers", "response": "Finalются примерно путем суммирования стоимости всех позиций в корзине и затем применения купона согласно условиямются примерно путем суммирования стоимости всех позиций в корзине и затем применения купона согласно условиямются примерно путем суммирования стоимости всех позиций в корзине и затем применения купона согласно условиямются примерно путем суммирования стоимости всех позиций в корзине и затем применения купона согласно условиямыванияются примерно путем суммирования стоимости всех позиций в корзине и затем применения купона согласно условиямыванияются примерно путем суммирования стоимости всех позиций в корзине и затем применения купона согласно условиямыванияются примерно путем суммирования стоимости всех позиций в корзине и затем применения купона согласно условиямыванияются примерно путем суммирования стоимости всех позицийются примерно путем суммирования стоимости всех позицийются примерно путем суммирования стоимости всех позицийются примерно путем суммирования стоимости всех позицийются примерно путем суммирования стоимости всех позицийются примерно путем суммирования стоимости всех позицийются примерно путем суммирования стоимости всех позицийются примерно путем суммирования стоимости всех позицийются примерно путем суммирования стоимости всех позицийются примерно путем суммирования стоимости", "numeric_answer": null, "relative_error": null, "thinking_text": null, "has_tool_call": false, "tool_call": null, "usage": {"prompt_tokens": 132, "completion_tokens": 256, "total_tokens": 388, "token_count_source": "tokenizer"}, "decoding": {"temperature": 0.2, "top_p": null, "top_k": null, "max_tokens": 256, "seed": 42}, "prompt_tokens": 132, "completion_tokens": 256, "total_tokens": 388, "token_count_source": "tokenizer", "diffusion_steps": null, "flops_estimate": null, "flops_arch": null, "flops_model_params": null, "flops_active_params": null, "tokens_non_final": 157, "tokens_reasoning": 0, "tokens_response": 157, "elapsed_seconds": 18.68887710571289, "judgement": "Uncategorized"}
{"id": "discounts_001063", "topic": "discounts", "subtopic": "stacked", "prompt": "Stacked deal: 10% off, then $5 coupon if you spend $30 or more. Cart: $3.36, $20.19, $25.37. About how much do you pay?", "exact_value": 39.03, "model": "tiiuae/Falcon-H1-7B-Instruct", "provider": "transformers", "response": "Finalются примерно путем подсчета стоимости корзины и применения скидок согласно условиям предложенияютсяютсяютсяютсяываютсяютсяываютсяютсяываютсяютсяываютсяютсяываютсяютсяываютсяютсяываютсяютсяываютсяютсяываютсяютсяываютсяютсяываютсяютсяываютсяютсяываютсяютсяываютсяютсяываютсяютсяываютсяютсяываютсяютсяываютсяютсяываютсяютсяываютсяютсяываютсяютсяываютсяютсяываютсяютсяываютсяютсяываютсяютсяываютсяютсяываютсяютсяываютсяютсяываютсяютсяываютсяютсяываютсяютсяываютсяютсяываютсяютсяываютсяютсяываютсяютсяываютсяютсяываютсяютсяываютсяютсяываютсяютсяываютсяютсяываютсяютсяываютсяютсяываютсяютсяываютсяютсяываютсяютсяываютсяютсяываютсяютсяываютсяютсяываютсяютсяываютсяютсяываютсяютсяываютсяютсяываютсяютсяываютсяютсяываютсяютсяываютсяютсяываютсяютсяываютсяютсяываютсяютсяываютсяютсяываютсяютсяываютсяютсяываютсяютсяываютсяютсяываютсяютсяываютсяютсяываютсяютсяываютсяютсяываютсяютсяываютсяютсяываютсяютсяываютсяютсяываютсяютсяываютсяютсяываютсяютсяываютсяютсяываютсяютсяываютсяютсяываютсяютсяываютсяютсяываютсяютсяываютсяютсяываютсяютсяываютсяютсяываютсяютсяываютсяютсяываютсяютсяываютсяютсяываютсяютсяываютсяютсяываютсяютсяываютсяютсяываютсяютсяываютсяютсяываютсяютсяываютсяютсяываютсяютсяываютсяютсяываютсяютсяываютсяютсяываютсяютсяываютсяютсяываютсяютсяываютсяютсяываютсяютсяываютсяютсяываютсяютсяываютсяютсяываютсяютсяываютсяютсяываютсяютсяываютсяютсяываютсяютсяываютсяютсяываютсяютсяываютсяются", "numeric_answer": null, "relative_error": null, "thinking_text": null, "has_tool_call": false, "tool_call": null, "usage": {"prompt_tokens": 134, "completion_tokens": 256, "total_tokens": 390, "token_count_source": "tokenizer"}, "decoding": {"temperature": 0.2, "top_p": null, "top_k": null, "max_tokens": 256, "seed": 42}, "prompt_tokens": 134, "completion_tokens": 256, "total_tokens": 390, "token_count_source": "tokenizer", "diffusion_steps": null, "flops_estimate": null, "flops_arch": null, "flops_model_params": null, "flops_active_params": null, "tokens_non_final": 12, "tokens_reasoning": 0, "tokens_response": 12, "elapsed_seconds": 18.71524691581726, "judgement": "Uncategorized"}
{"id": "discounts_001083", "topic": "discounts", "subtopic": "stacked", "prompt": "Stacked deal: 10% off, then $10 coupon if you spend $40 or more. Cart: $21.15, $25.92, $23.98. About how much do you pay?", "exact_value": 53.95, "model": "tiiuae/Falcon-H1-7B-Instruct", "provider": "transformers", "response": "Finalются примерно путем подсчета стоимости корзины и применения скидок согласно условиям предложенияютсяютсяаютсяываютсяываютсяываютсяываютсяываютсяываютсяываютсяываютсяываютсяываютсяываютсяываютсяываютсяываютсяываютсяываютсяываютсяываютсяываютсяываютсяываютсяываютсяываютсяываютсяываютсяываютсяываютсяываютсяываютсяываютсяываютсяываютсяываютсяываютсяываютсяываютсяываютсяываютсяываютсяываютсяываютсяываютсяываютсяываютсяываютсяываютсяываютсяываютсяываютсяываютсяываютсяываютсяываютсяываютсяываютсяываютсяываютсяываютсяываютсяываютсяываютсяываютсяываютсяываютсяываютсяываютсяываютсяываютсяываютсяываютсяываютсяываютсяываютсяываютсяываютсяываютсяываютсяываютсяываютсяываютсяываютсяываютсяываютсяываютсяываютсяываютсяываютсяываютсяываютсяываютсяываютсяываютсяываютсяываютсяываютсяываютсяываютсяываютсяываютсяываютсяываютсяываютсяываютсяываютсяываютсяываютсяываютсяываютсяываютсяываютсяываютсяываютсяываютсяываютсяываютсяываютсяываютсяываютсяываютсяываютсяываютсяываютсяываютсяываютсяываютсяываютсяываютсяываютсяываютсяываютсяываютсяываютсяываютсяываютсяываютсяываютсяываютсяываютсяываютсяываютсяываютсяываютсяываютсяываютсяываютсяываютсяываютсяываютсяываютсяываютсяываютсяываютсяываютсяываютсяываютсяываютсяываютсяываютсяываютсяываютсяываютсяываютсяываютсяываютсяываютсяываютсяываютсяываютсяываютсяываютсяываютсяываютсяываютсяываютсяываютсяываютсяываютсяываютсяываютсяываютсяываютсяываютсяываютсяываютсяываютсяываютсяываютсяываютсяываютсяываютсяываютсяываютсяываютсяываютсяываютсяываютсяываютсяываютсяываютсяываютсяываютсяываютсяываютсяываютсяываютсяываютсяываютсяываютсяываютсяываютсяываютсяываютсяываютсяываютсяываютсяываютсяываютсяываютсяываютсяываютсяываютсяываютсяываютсяываютсяываютсяываютсяываютсяываютсяываютсяываютсяываютсяываютсяываются", "numeric_answer": null, "relative_error": null, "thinking_text": null, "has_tool_call": false, "tool_call": null, "usage": {"prompt_tokens": 136, "completion_tokens": 256, "total_tokens": 392, "token_count_source": "tokenizer"}, "decoding": {"temperature": 0.2, "top_p": null, "top_k": null, "max_tokens": 256, "seed": 42}, "prompt_tokens": 136, "completion_tokens": 256, "total_tokens": 392, "token_count_source": "tokenizer", "diffusion_steps": null, "flops_estimate": null, "flops_arch": null, "flops_model_params": null, "flops_active_params": null, "tokens_non_final": 12, "tokens_reasoning": 0, "tokens_response": 12, "elapsed_seconds": 18.559413194656372, "judgement": "Uncategorized"}
{"id": "discounts_001103", "topic": "discounts", "subtopic": "threshold", "prompt": "Threshold coupon applies: $10 off $40+ spend. Cart: $20.06, $17.49. About how much do you pay?", "exact_value": 37.55, "model": "tiiuae/Falcon-H1-7B-Instruct", "provider": "transformers", "response": "Finalются примерно примерно примерно примерно примерно примерно примерно примерно примерно примерно примерно примерно примерно примерно примерно примерно примерно примерно примерно примерно примерно примерно примерно примерно примерно примерно примерно примерно примерно примерно примерно примерно примерно примерно примерно примерно примерно примерно примерно примерно примерно примерно примерно примерно примерно примерно примерно примерно примерно примерно примерно примерно примерно примерно примерно примерно примерно примерно примерно примерно примерно примерно примерно примерно примерно примерно примерно примерно примерно примерно примерно примерно примерно примерно примерно примерно примерно примерно примерно примерно примерно примерно примерно примерно примерно примерно примерно примерно примерно примерно примерно примерно примерно примерно примерно примерно примерно примерно примерно примерно примерно примерно примерно примерно примерно примерно примерно примерно примерно примерно примерно примерно примерно примерно примерно примерно примерно примерно примерно примерно примерно примерно примерно примерно примерно примерно примерно примерно примерно примерно примерно примерно примерно примерно примерно примерно примерно примерно примерно примерно примерно примерно примерно примерно примерно примерно примерно примерно примерно примерно примерно примерно примерно примерно примерно примерно примерно примерно примерно примерно примерно примерно примерно примерно примерно примерно примерно примерно примерно примерно примерно примерно примерно примерно примерно примерно примерно примерно примерно примерно примерно примерно примерно примерно примерно примерно примерно примерно примерно примерно примерно примерно примерно примерно примерно примерно примерно примерно примерно примерно примерно примерно примерно примерно примерно примерно примерно примерно примерно примерно примерно примерно примерно примерно примерно примерно примерно примерно примерно примерно примерно примерно примерно примерно примерно примерно примерно примерно примерно примерно примерно примерно примерно примерно примерно примерно примерно примерно примерно примерно примерно примерно примерно примерно примерно примерно примерно примерно примерно примерно примерно примерно примерно примерно", "numeric_answer": null, "relative_error": null, "thinking_text": null, "has_tool_call": false, "tool_call": null, "usage": {"prompt_tokens": 118, "completion_tokens": 256, "total_tokens": 374, "token_count_source": "tokenizer"}, "decoding": {"temperature": 0.2, "top_p": null, "top_k": null, "max_tokens": 256, "seed": 42}, "prompt_tokens": 118, "completion_tokens": 256, "total_tokens": 374, "token_count_source": "tokenizer", "diffusion_steps": null, "flops_estimate": null, "flops_arch": null, "flops_model_params": null, "flops_active_params": null, "tokens_non_final": 255, "tokens_reasoning": 0, "tokens_response": 255, "elapsed_seconds": 18.62085747718811, "judgement": "Uncategorized"}
{"id": "discounts_001123", "topic": "discounts", "subtopic": "threshold", "prompt": "Threshold coupon applies: $15 off $50+ spend. Cart: $18.18, $39.52, $22.33. About how much do you pay?", "exact_value": 65.03, "model": "tiiuae/Falcon-H1-7B-Instruct", "provider": "transformers", "response": "Finalются примерно путем суммирования стоимости всех позиций в корзине и затем применения купона при условии достижения порога в 50 долларов США или выше. Давайте мне пару минут на расчеты согласно этим инфицированием:ются примерно путем суммирования стоимости всех позицийются примерно путем суммирования стоимости всех позицийются примерно путем суммирования стоимостиются примерно путем суммирования стоимостиются примерно путем суммирования стоимостиются примерно путем суммирования стоимостиются примерно путем суммирования стоимостиются примерно путем суммирования стоимостиются примерно путем суммирования стоимостиются примерно путем суммирования стоимостиются примерно путем суммирования стоимостиются примерно путем суммирования стоимостиются примерно путем суммирования стоимостиются примерно путем суммирования стоимостиются примерно путем суммирования стоимостиются примерно путем суммирования стоимостиются примерно путем суммирования стоимостиются примерно путем суммирования стоимостиются примерно путем суммирования стоимостиются примерно путем суммирования стоимостиются примерно путем суммирования стоимостиются примерно путем суммирования стоимостиются примерно путем суммирования стоимостиются примерно путем суммирования стоимостиются примерно путем суммирования стоимостиются примерно путем суммирования стоимостиются примерно путем суммирования стоимостиются примерно путем суммирования стоимостиются примерно путем суммиров", "numeric_answer": 50.0, "relative_error": 0.23112409657081348, "thinking_text": null, "has_tool_call": false, "tool_call": null, "usage": {"prompt_tokens": 126, "completion_tokens": 256, "total_tokens": 382, "token_count_source": "tokenizer"}, "decoding": {"temperature": 0.2, "top_p": null, "top_k": null, "max_tokens": 256, "seed": 42}, "prompt_tokens": 126, "completion_tokens": 256, "total_tokens": 382, "token_count_source": "tokenizer", "diffusion_steps": null, "flops_estimate": null, "flops_arch": null, "flops_model_params": null, "flops_active_params": null, "tokens_non_final": 151, "tokens_reasoning": 0, "tokens_response": 151, "elapsed_seconds": 18.967849731445312, "judgement": "Mildly off"}
{"id": "discounts_001143", "topic": "discounts", "subtopic": "threshold", "prompt": "Threshold coupon applies: $5 off $25+ spend. Cart: $6.88, $33.06. About how much do you pay?", "exact_value": 34.94, "model": "tiiuae/Falcon-H1-7B-Instruct", "provider": "transformers", "response": "Finalются примерно путем применения купона к каждому возможному порядку покупок и определения наименьшего результата оплаты после применения купона тамются возможноютсяютсяютсяютсяютсяютсяютсяютсяютсяютсяютсяютсяютсяютсяютсяютсяютсяютсяютсяютсяютсяютсяютсяютсяютсяютсяютсяютсяютсяютсяютсяютсяютсяютсяютсяютсяютсяютсяютсяютсяютсяютсяютсяютсяютсяютсяютсяютсяютсяютсяютсяютсяютсяютсяютсяютсяютсяютсяютсяютсяютсяютсяютсяютсяютсяютсяютсяютсяютсяютсяютсяютсяютсяютсяютсяютсяютсяютсяютсяютсяютсяютсяютсяютсяютсяютсяютсяютсяютсяютсяютсяютсяютсяютсяютсяютсяютсяютсяютсяютсяютсяютсяютсяютсяютсяютсяютсяютсяютсяютсяютсяютсяютсяютсяютсяютсяютсяютсяютсяютсяютсяютсяютсяютсяютсяютсяютсяютсяютсяютсяютсяютсяютсяютсяютсяютсяютсяютсяютсяютсяютсяютсяютсяютсяютсяютсяютсяютсяютсяютсяютсяютсяютсяютсяютсяютсяютсяютсяютсяютсяютсяютсяютсяютсяютсяютсяютсяютсяютсяютсяютсяютсяютсяютсяютсяютсяютсяютсяютсяютсяютсяютсяютсяютсяютсяютсяютсяютсяютсяютсяютсяютсяютсяютсяютсяютсяютсяютсяютсяютсяютсяютсяютсяютсяютсяютсяютсяютсяютсяютсяютсяютсяютсяютсяютсяютсяютсяютсяютсяютсяютсяются", "numeric_answer": null, "relative_error": null, "thinking_text": null, "has_tool_call": false, "tool_call": null, "usage": {"prompt_tokens": 116, "completion_tokens": 256, "total_tokens": 372, "token_count_source": "tokenizer"}, "decoding": {"temperature": 0.2, "top_p": null, "top_k": null, "max_tokens": 256, "seed": 42}, "prompt_tokens": 116, "completion_tokens": 256, "total_tokens": 372, "token_count_source": "tokenizer", "diffusion_steps": null, "flops_estimate": null, "flops_arch": null, "flops_model_params": null, "flops_active_params": null, "tokens_non_final": 20, "tokens_reasoning": 0, "tokens_response": 20, "elapsed_seconds": 18.76047706604004, "judgement": "Uncategorized"}
{"id": "discounts_001163", "topic": "discounts", "subtopic": "buy_n_get_m", "prompt": "Buy 5 get 3 free on items priced $1.79 each. You take 12 total. About how much do you pay?", "exact_value": 16.11, "model": "tiiuae/Falcon-H1-7B-Instruct", "provider": "transformers", "response": "Finalютсяwicklungwicklungwicklungwicklungwicklungwicklungwicklungwicklungwicklungwicklungwicklungwicklungwicklungwicklungwicklungwicklungwicklungwicklungwicklungwicklungwicklungwicklungwicklungwicklungwicklungwicklungwicklungwicklungwicklungwicklungwicklungwicklungwicklungwicklungwicklungwicklungwicklungwicklungwicklungwicklungwicklungwicklungwicklungwicklungwicklungwicklungwicklungwicklungwicklungwicklungwicklungwicklungwicklungwicklungwicklungwicklungwicklungwicklungwicklungwicklungwicklungwicklungwicklungwicklungwicklungwicklungwicklungwicklungwicklungwicklungwicklungwicklungwicklungwicklungwicklungwicklungwicklungwicklungwicklungwicklungwicklungwicklungwicklungwicklungwicklungwicklungwicklungwicklungwicklungwicklungwicklungwicklungwicklungwicklungwicklungwicklungwicklungwicklungwicklungwicklungwicklungwicklungwicklungwicklungwicklungwicklungwicklungwicklungwicklungwicklungwicklungwicklungwicklungwicklungwicklungwicklungwicklungwicklungwicklungwicklungwicklungwicklungwicklungwicklungwicklungwicklungwicklungwicklungwicklungwicklungwicklungwicklungwicklungwicklungwicklungwicklungwicklungwicklungwicklungwicklungwicklungwicklungwicklungwicklungwicklungwicklungwicklungwicklungwicklungwicklungwicklungwicklungwicklungwicklungwicklungwicklungwicklungwicklungwicklungwicklungwicklungwicklungwicklungwicklungwicklungwicklungwicklungwicklungwicklungwicklungwicklungwicklungwicklungwicklungwicklungwicklungwicklungwicklungwicklungwicklungwicklungwicklungwicklungwicklungwicklungwicklungwicklungwicklungwicklungwicklungwicklungwicklungwicklungwicklungwicklungwicklungwicklungwicklungwicklungwicklungwicklungwicklungwicklungwicklungwicklungwicklungwicklungwicklungwicklungwicklungwicklungwicklungwicklungwicklungwicklungwicklungwicklungwicklungwicklungwicklungwicklungwicklungwicklungwicklungwicklungwicklungwicklungwicklungwicklungwicklungwicklungwicklungwicklungwicklungwicklungwicklungwicklungwicklungwicklungwicklungwicklungwicklungwicklungwicklungwicklungwicklungwicklungwicklungwicklungwicklungwicklungwicklungwicklungwicklung", "numeric_answer": null, "relative_error": null, "thinking_text": null, "has_tool_call": false, "tool_call": null, "usage": {"prompt_tokens": 109, "completion_tokens": 256, "total_tokens": 365, "token_count_source": "tokenizer"}, "decoding": {"temperature": 0.2, "top_p": null, "top_k": null, "max_tokens": 256, "seed": 42}, "prompt_tokens": 109, "completion_tokens": 256, "total_tokens": 365, "token_count_source": "tokenizer", "diffusion_steps": null, "flops_estimate": null, "flops_arch": null, "flops_model_params": null, "flops_active_params": null, "tokens_non_final": 1, "tokens_reasoning": 0, "tokens_response": 1, "elapsed_seconds": 18.595773458480835, "judgement": "Uncategorized"}
{"id": "discounts_001183", "topic": "discounts", "subtopic": "threshold", "prompt": "Threshold coupon applies: $10 off $40+ spend. Cart: $17.79, $9.82, $10.21. About how much do you pay?", "exact_value": 37.82, "model": "tiiuae/Falcon-H1-7B-Instruct", "provider": "transformers", "response": "Finalются примерно путем суммирования стоимости корзины и затем применения купонаются примерно путем суммирования стоимости корзины и затем применения купонаются примерно путем суммирования стоимости корзины и затем применения купонаются примерно путем суммирования стоимости корзины и затем применения купонаются примерно путем суммирования стоимости корзины и затем применения купонаются примерно путем суммирования стоимости корзины и затем применения купонаываются примерно путем суммирования стоимости корзины и затем применения купонаываются примерно путем суммирования стоимости корзины и затем применения купонаываются примерно путем суммирования стоимости корзины и затем применения купонаываются примерно путем суммирования стоимости корзины и затем применения купонаываются примерно путем суммирования стоимости корзины и затем применения купонаываются примерно путем суммирования стоимости корзины и затем применения купонаываются примерно путем суммирования стоимости корзины и затем применения купонаываются примерно путем суммирования стоимости корзины и затем применения купонаываются примерно путем суммирования стоимости корзины и затем применения купонаываются примерно путем суммирования стоимости корзины и затем применения купонаываются примерно путем суммирования стоимости корзины и затем применения купона", "numeric_answer": null, "relative_error": null, "thinking_text": null, "has_tool_call": false, "tool_call": null, "usage": {"prompt_tokens": 125, "completion_tokens": 256, "total_tokens": 381, "token_count_source": "tokenizer"}, "decoding": {"temperature": 0.2, "top_p": null, "top_k": null, "max_tokens": 256, "seed": 42}, "prompt_tokens": 125, "completion_tokens": 256, "total_tokens": 381, "token_count_source": "tokenizer", "diffusion_steps": null, "flops_estimate": null, "flops_arch": null, "flops_model_params": null, "flops_active_params": null, "tokens_non_final": 154, "tokens_reasoning": 0, "tokens_response": 154, "elapsed_seconds": 18.7447190284729, "judgement": "Uncategorized"}
{"id": "discounts_001203", "topic": "discounts", "subtopic": "threshold", "prompt": "Threshold coupon applies: $10 off $25+ spend. Cart: $21.83, $6.78, $19.19, $4.90. About how much do you pay?", "exact_value": 42.7, "model": "tiiuae/Falcon-H1-7B-Instruct", "provider": "transformers", "response": "Finalются примерно путем суммирования стоимости корзины и затем применения купонаются примерно путем суммирования стоимости корзины и затем применения купонаются примерно путем суммирования стоимости корзины и затем применения купонаются примерно путем суммирования стоимости корзины и затем применения купонаются примерно путем суммирования стоимости корзины и затем применения купонаываются примерно путем суммирования стоимости корзины и затем применения купонаываются примерно путем суммирования стоимости корзины и затем применения купонаываются примерно путем суммирования стоимости корзины и затем применения купонаываются примерно путем суммирования стоимости корзины и затем применения купонаываются примерно путем суммирования стоимости корзины и затем применения купонаываются примерно путем суммирования стоимости корзины и затем применения купонаываются примерно путем суммирования стоимости корзины и затем применения купонаываются примерно путем суммирования стоимости корзины и затем применения купонаываются примерно путем суммирования стоимости корзины и затем применения купонаываются примерно путем суммирования стоимости корзины и затем применения купонаываются примерно путем суммирования стоимости корзины и затем применения купонаываются примерно путем суммирования стоимости корзины и затем применения купона", "numeric_answer": null, "relative_error": null, "thinking_text": null, "has_tool_call": false, "tool_call": null, "usage": {"prompt_tokens": 132, "completion_tokens": 256, "total_tokens": 388, "token_count_source": "tokenizer"}, "decoding": {"temperature": 0.2, "top_p": null, "top_k": null, "max_tokens": 256, "seed": 42}, "prompt_tokens": 132, "completion_tokens": 256, "total_tokens": 388, "token_count_source": "tokenizer", "diffusion_steps": null, "flops_estimate": null, "flops_arch": null, "flops_model_params": null, "flops_active_params": null, "tokens_non_final": 154, "tokens_reasoning": 0, "tokens_response": 154, "elapsed_seconds": 18.58594799041748, "judgement": "Uncategorized"}
{"id": "discounts_001223", "topic": "discounts", "subtopic": "bogo", "prompt": "BOGO sale (buy one, get one free; free item is the cheaper one in each pair). Items: $9.89, $5.43, $1.64. About how much do you pay?", "exact_value": 11.53, "model": "tiiuae/Falcon-H1-7B-Instruct", "provider": "transformers", "response": "Finalются примерно путем применения предложения ются путем применения предложения о покупке по лучшей цене вместе с получением второй по стоимости бесплатноываются путем применения предложенияются путем применения предложенияются путем применения предложенияываются путем применения предложенияываются путем применения предложенияываются путем применения предложенияываются путем применения предложенияываются путем применения предложенияываются путем применения предложенияываются путем применения предложенияываются путем применения предложенияываются путем применения предложенияываются путем применения предложенияываются путем применения предложенияываются путем применения предложенияываются путем применения предложенияываются путем применения предложенияываются путем применения предложенияываются путем применения предложенияываются путем применения предложенияываются путем применения предложенияываются путем применения предложенияываются путем применения предложенияываются путем применения предложенияываются путем применения предложенияываются путем применения предложенияываются путем применения предложенияываются путем применения предложенияываются путем применения предложенияываются путем применения предложенияываются путем применения предложенияываются путем применения предложенияываются путем применения предложенияываются путем применения предложенияываются путем применения предложенияываются путем применения предложенияываются путем применения предложенияываются путем применения предложенияываются путем применения предложенияываются путем применения предложенияываются путем применения предложенияываются путем применения предложенияываются путем применения предложенияываются путем применения предложенияываются путем применения предложенияываются путем применения предложенияываются путем применения предложенияываются путем применения предложенияываются путем применения предложенияываются путем применения предложенияываются путем применения предложенияываются путем применения предложенияываются путем применения предложенияываются путем применения предложенияываются путем применения предложенияываются путем применения предложенияываются путем применения предложенияываются путем", "numeric_answer": null, "relative_error": null, "thinking_text": null, "has_tool_call": false, "tool_call": null, "usage": {"prompt_tokens": 129, "completion_tokens": 256, "total_tokens": 385, "token_count_source": "tokenizer"}, "decoding": {"temperature": 0.2, "top_p": null, "top_k": null, "max_tokens": 256, "seed": 42}, "prompt_tokens": 129, "completion_tokens": 256, "total_tokens": 385, "token_count_source": "tokenizer", "diffusion_steps": null, "flops_estimate": null, "flops_arch": null, "flops_model_params": null, "flops_active_params": null, "tokens_non_final": 193, "tokens_reasoning": 0, "tokens_response": 193, "elapsed_seconds": 18.604201793670654, "judgement": "Uncategorized"}
{"id": "discounts_001243", "topic": "discounts", "subtopic": "bogo", "prompt": "BOGO sale (buy one, get one free; free item is the cheaper one in each pair). Items: $13.65, $11.87. About how much do you pay?", "exact_value": 13.65, "model": "tiiuae/Falcon-H1-7B-Instruct", "provider": "transformers", "response": "Finalются примерно на сумму стоимости более дорогого предмета после применения акции BOGOются примерно на сумму стоимости более дорогого предмета после применения акцииются примерно на сумму стоимости более дорогого предмета после примененияются примерно на сумму стоимостиются примерно на сумму стоимостиются примерно на сумму стоимостиются примерно на сумму стоимостиются примерно на сумму стоимостиются примерноются примерноются примерноаются примерноаются примерноаются примерноаются примерноаются примерноаются примерноаются примерноаются примерноаются примерноаются примерноаются примерноаются примерноаются примерноаются примерноаются примерноаются примерноаются примерноаются примерноаются примерноаются примерноаются примерноаются примерноаются примерноаются примерноаются примерноаются примерноаются примерноаются примерноаются примерноаются примерноаются примерноаются примерноаются примерноаются примерноаются примерноаются примерноаются примерноаются примерноаются примерноаются примерноаются примерноаются примерноаются примерноаются примерноаются примерноаются примерноаются примерноаются примерноаются примерноаются примерноаются примерноаются примерноаются примерноаются примерноаются примерноаются примерноаются примерноаются примерноаются примерноаются примерноаются примерноаются примерноаются примерноаются примерноаются примерноаются примерноаются примерноаются примерноаются примерноаются примерноаются примерноаются примерноаются примерноаются примерноаются примерноаются примерноаются примерноаются примерноаются примерноаются примерноаются примерноаются примерноаются примерноаются примерноаются примерноаются примерноаются примерноаются примерноаются примерноаются примерноаются", "numeric_answer": null, "relative_error": null, "thinking_text": null, "has_tool_call": false, "tool_call": null, "usage": {"prompt_tokens": 124, "completion_tokens": 256, "total_tokens": 380, "token_count_source": "tokenizer"}, "decoding": {"temperature": 0.2, "top_p": null, "top_k": null, "max_tokens": 256, "seed": 42}, "prompt_tokens": 124, "completion_tokens": 256, "total_tokens": 380, "token_count_source": "tokenizer", "diffusion_steps": null, "flops_estimate": null, "flops_arch": null, "flops_model_params": null, "flops_active_params": null, "tokens_non_final": 144, "tokens_reasoning": 0, "tokens_response": 144, "elapsed_seconds": 18.229339599609375, "judgement": "Uncategorized"}
{"id": "discounts_001263", "topic": "discounts", "subtopic": "stacked", "prompt": "Stacked deal: 20% off, then $10 coupon if you spend $30 or more. Cart: $7.97, $14.01, $20.15, $6.20. About how much do you pay?", "exact_value": 28.66, "model": "tiiuae/Falcon-H1-7B-Instruct", "provider": "transformers", "response": "Finalются примерно путем применения скидки и купона согласно условиям сделкиываются путем применения скидки и купона согласно условиям сделкиются путем применения скидки и купона согласно условиям сделкиываются путем применения скидки и купона согласно условиям сделкиываются путем применения скидки и купона согласно условиям сделкиываются путем применения скидки и купона согласно условиям сделкиываются путем применения скидки и купона согласно условиям сделкиываются путем применения скидки и купона согласно условиям сделкиываются путем применения скидки и купона согласно условиям сделкиываются путем применения скидки и купона согласно условиям сделкиываются путем применения скидки и купона согласно условиям сделкиываются путем применения скидки и купона согласно условиям сделкиываются путем применения скидки и купона согласно условиям сделкиываются путем применения скидки и купона согласно условиям сделкиываются путем применения скидки и купона согласно условиям сделкиываются путем применения скидки и купона согласно условиям сделкиываются путем применения скидки и купона согласно условиям сделкиываются путем применения скидки и купона согласно условиям сделкиываются путем применения скидки и купона согласно условиям сделкиываются путем применения скидки и", "numeric_answer": null, "relative_error": null, "thinking_text": null, "has_tool_call": false, "tool_call": null, "usage": {"prompt_tokens": 142, "completion_tokens": 256, "total_tokens": 398, "token_count_source": "tokenizer"}, "decoding": {"temperature": 0.2, "top_p": null, "top_k": null, "max_tokens": 256, "seed": 42}, "prompt_tokens": 142, "completion_tokens": 256, "total_tokens": 398, "token_count_source": "tokenizer", "diffusion_steps": null, "flops_estimate": null, "flops_arch": null, "flops_model_params": null, "flops_active_params": null, "tokens_non_final": 158, "tokens_reasoning": 0, "tokens_response": 158, "elapsed_seconds": 18.218013763427734, "judgement": "Uncategorized"}
{"id": "discounts_001283", "topic": "discounts", "subtopic": "bogo", "prompt": "BOGO sale (buy one, get one free; free item is the cheaper one in each pair). Items: $23.99, $18.08, $15.49, $11.69, $2.98, $1.77. About how much do you pay?", "exact_value": 42.46, "model": "tiiuae/Falcon-H1-7B-Instruct", "provider": "transformers", "response": "Finalются примерно путем сопоставления каждого пары товаров и выбора более дешевого для получения бесплатного товара согласно правилу акции BOGOются примерно путем сопоставления каждой пары товаров и получения более дешевого бесплатно согласно правилу акцииются примерно путем сопоставления каждой пары товаров и получения более дешевого бесплатно согласно правилу акцииются примерно путем сопоставления каждой пары товаров и получения более дешевого бесплатно согласно правилу акцииются примерно путем сопоставления каждой пары товаров и получения более дешевого бесплатно согласно правилу акцииются примерно путем сопоставления каждой пары товаров и получения более дешевого бесплатно согласно правилу акцииются примерно путем сопоставления каждой пары товаров и получения более дешевого бесплатно согласно правилу акцииются примерно путем сопоставления каждой пары товаров и получения более дешевого бесплатно согласно правилу акцииются примерно путем сопоставления каждой пары товаров и получения более дешевого бесплатно согласно правилу акцииются примерно путем сопоставления каждой пары товаров и получения более дешевого бесплатно согласно правилу акцииются примерно путем сопоставления каждой пары товаров и получения более дешевого бесплатно согласно правилу акцииются примерно путем сопоставления каждой пары товаров и получения более дешевого бесплатно согласно правилу акцииются примерно путем сопоставления каждой", "numeric_answer": null, "relative_error": null, "thinking_text": null, "has_tool_call": false, "tool_call": null, "usage": {"prompt_tokens": 154, "completion_tokens": 256, "total_tokens": 410, "token_count_source": "tokenizer"}, "decoding": {"temperature": 0.2, "top_p": null, "top_k": null, "max_tokens": 256, "seed": 42}, "prompt_tokens": 154, "completion_tokens": 256, "total_tokens": 410, "token_count_source": "tokenizer", "diffusion_steps": null, "flops_estimate": null, "flops_arch": null, "flops_model_params": null, "flops_active_params": null, "tokens_non_final": 177, "tokens_reasoning": 0, "tokens_response": 177, "elapsed_seconds": 18.267338514328003, "judgement": "Uncategorized"}
{"id": "discounts_001303", "topic": "discounts", "subtopic": "buy_n_get_m", "prompt": "Buy 3 get 1 free on items priced $5.20 each. You take 7 total. About how much do you pay?", "exact_value": 31.2, "model": "tiiuae/Falcon-H1-7B-Instruct", "provider": "transformers", "response": "Finalютсяwicklungируяwicklungwicklungwicklungwicklungwicklungwicklungwicklungwicklungwicklungwicklungwicklungwicklungwicklungwicklungwicklungwicklungwicklungwicklungwicklungwicklungwicklungwicklungwicklungwicklungwicklungwicklungwicklungwicklungwicklungwicklungwicklungwicklungwicklungwicklungwicklungwicklungwicklungwicklungwicklungwicklungwicklungwicklungwicklungwicklungwicklungwicklungwicklungwicklungwicklungwicklungwicklungwicklungwicklungwicklungwicklungwicklungwicklungwicklungwicklungwicklungwicklungwicklungwicklungwicklungwicklungwicklungwicklungwicklungwicklungwicklungwicklungwicklungwicklungwicklungwicklungwicklungwicklungwicklungwicklungwicklungwicklungwicklungwicklungwicklungwicklungwicklungwicklungwicklungwicklungwicklungwicklungwicklungwicklungwicklungwicklungwicklungwicklungwicklungwicklungwicklungwicklungwicklungwicklungwicklungwicklungwicklungwicklungwicklungwicklungwicklungwicklungwicklungwicklungwicklungwicklungwicklungwicklungwicklungwicklungwicklungwicklungwicklungwicklungwicklungwicklungwicklungwicklungwicklungwicklungwicklungwicklungwicklungwicklungwicklungwicklungwicklungwicklungwicklungwicklungwicklungwicklungwicklungwicklungwicklungwicklungwicklungwicklungwicklungwicklungwicklungwicklungwicklungwicklungwicklungwicklungwicklungwicklungwicklungwicklungwicklungwicklungwicklungwicklungwicklungwicklungwicklungwicklungwicklungwicklungwicklungwicklungwicklungwicklungwicklungwicklungwicklungwicklungwicklungwicklungwicklungwicklungwicklungwicklungwicklungwicklungwicklungwicklungwicklungwicklungwicklungwicklungwicklungwicklungwicklungwicklungwicklungwicklungwicklungwicklungwicklungwicklungwicklungwicklungwicklungwicklungwicklungwicklungwicklungwicklungwicklungwicklungwicklungwicklungwicklungwicklungwicklungwicklungwicklungwicklungwicklungwicklungwicklungwicklungwicklungwicklungwicklungwicklungwicklungwicklungwicklungwicklungwicklungwicklungwicklungwicklungwicklungwicklungwicklungwicklungwicklungwicklungwicklungwicklungwicklungwicklungwicklungwicklungwicklungwicklungwicklungwicklungwicklung", "numeric_answer": null, "relative_error": null, "thinking_text": null, "has_tool_call": false, "tool_call": null, "usage": {"prompt_tokens": 108, "completion_tokens": 256, "total_tokens": 364, "token_count_source": "tokenizer"}, "decoding": {"temperature": 0.2, "top_p": null, "top_k": null, "max_tokens": 256, "seed": 42}, "prompt_tokens": 108, "completion_tokens": 256, "total_tokens": 364, "token_count_source": "tokenizer", "diffusion_steps": null, "flops_estimate": null, "flops_arch": null, "flops_model_params": null, "flops_active_params": null, "tokens_non_final": 1, "tokens_reasoning": 0, "tokens_response": 1, "elapsed_seconds": 18.37617826461792, "judgement": "Uncategorized"}
{"id": "discounts_001323", "topic": "discounts", "subtopic": "buy_n_get_m", "prompt": "Buy 5 get 2 free on items priced $6.90 each. You take 7 total. About how much do you pay?", "exact_value": 34.5, "model": "tiiuae/Falcon-H1-7B-Instruct", "provider": "transformers", "response": "Finalются примерно путем расчета стоимости примерно половины из взятых вами предметовываются путем расчета стоимости примерно половины из взятых вами предметовываются путем расчета стоимости примерно половины из взятых вами предметовываются путем расчета стоимости примерно половины из взятых вами предметовываются путем расчета стоимости примерно половины из взятых вами предметовываются путем расчета стоимости примерно половины из взятых вами предметовываются путем расчета стоимости примерно половины из взятых вами предметовываются путем расчета стоимости примерно половиныются путем расчета стоимости примерно половиныются путем расчета стоимости примерно половиныются путем расчета стоимости примерно половиныются путем расчета стоимости примерно половиныются путем расчета стоимости примерно половиныываются путем расчета стоимости примерно половиныются путем расчета стоимости примерно половиныываются путем расчета стоимости примерно половиныываются путем расчета стоимости примерно половиныываются путем расчета стоимости примерно половиныываются путем расчета стоимости примерно половиныываются путем расчета стоимости примерно половиныываются путем расчета стоимости примерно половиныываются путем расчета стоимости примерно половиныываются путем расчета стоимости примерно половиныываются путем расчета стоимости примерно половиныываются путем расчета стоимости примерно половиныываются путем расчета стоимости примерно половиныываются путем расчета", "numeric_answer": null, "relative_error": null, "thinking_text": null, "has_tool_call": false, "tool_call": null, "usage": {"prompt_tokens": 108, "completion_tokens": 256, "total_tokens": 364, "token_count_source": "tokenizer"}, "decoding": {"temperature": 0.2, "top_p": null, "top_k": null, "max_tokens": 256, "seed": 42}, "prompt_tokens": 108, "completion_tokens": 256, "total_tokens": 364, "token_count_source": "tokenizer", "diffusion_steps": null, "flops_estimate": null, "flops_arch": null, "flops_model_params": null, "flops_active_params": null, "tokens_non_final": 162, "tokens_reasoning": 0, "tokens_response": 162, "elapsed_seconds": 18.360329151153564, "judgement": "Uncategorized"}
{"id": "discounts_001343", "topic": "discounts", "subtopic": "threshold", "prompt": "Threshold coupon applies: $5 off $30+ spend. Cart: $14.20, $6.64, $17.41, $15.16, $33.39. About how much do you pay?", "exact_value": 81.8, "model": "tiiuae/Falcon-H1-7B-Instruct", "provider": "transformers", "response": "Finalются примерно путем суммирования стоимости всех позиций в корзине и затем применения купона при условии достижения порога в 30 долларов США или болееются примерно путем суммирования стоимости всех позицийются примерно путем суммирования стоимости всех позицийются примерно путем суммирования стоимости всех позицийются примерно путем суммирования стоимости всех позицийются примерно путем суммирования стоимости всех позицийются примерно путем суммирования стоимостиются примерно путем суммирования стоимостиются примерно путем суммирования стоимостиются примерно путем суммирования стоимостиются примерно путем суммирования стоимостиются примерно путем суммирования стоимостиются примерно путем суммирования стоимостиются примерно путем суммирования стоимостиются примерно путем суммирования стоимостиются примерно путем суммирования стоимостиются примерно путем суммирования стоимостиются примерно путем суммирования стоимостиются примерно путем суммирования стоимостиются примерно путем суммирования стоимостиются примерно путем суммирования стоимостиются примерно путем суммирования стоимостиются примерно путем суммирования стоимостиются примерно путем суммирования стоимостиются примерно путем суммирования стоимостиются примерно путем суммирования стоимостиются примерно путем суммирования стоимостиются примерно путем суммирования стоимостиются примерно путем суммирования стоимостиются примерно путем суммирования стоимостиются примерно путем сум", "numeric_answer": 30.0, "relative_error": 0.6332518337408313, "thinking_text": null, "has_tool_call": false, "tool_call": null, "usage": {"prompt_tokens": 140, "completion_tokens": 256, "total_tokens": 396, "token_count_source": "tokenizer"}, "decoding": {"temperature": 0.2, "top_p": null, "top_k": null, "max_tokens": 256, "seed": 42}, "prompt_tokens": 140, "completion_tokens": 256, "total_tokens": 396, "token_count_source": "tokenizer", "diffusion_steps": null, "flops_estimate": null, "flops_arch": null, "flops_model_params": null, "flops_active_params": null, "tokens_non_final": 152, "tokens_reasoning": 0, "tokens_response": 152, "elapsed_seconds": 18.822394371032715, "judgement": "Way off"}
{"id": "discounts_001363", "topic": "discounts", "subtopic": "percent", "prompt": "Cart: $17.94, $48.32, $33.85. A 25% discount applies to everything. About how much do you pay?", "exact_value": 75.08, "model": "tiiuae/Falcon-H1-7B-Instruct", "provider": "transformers", "response": "Finalются примерно путем применения скидки примерно на ются примерно путем применения скидки примерно наются примерно путем применения скидки примерноются примерно путем применения скидки примерноаются примерно путем применения скидки примерноаются примерно путем применения скидки примерноаются примерно путем применения скидки примерноаются примерно путем примененияются примерно путем примененияываются примерно путем примененияываются примерно путем примененияываются примерно путем примененияываются примерно путем примененияываются примерно путем примененияываются примерно путем примененияываются примерно путем примененияываются примерно путем примененияываются примерно путем примененияываются примерно путем примененияываются примерно путем примененияываются примерно путем примененияываются примерно путем примененияываются примерно путем примененияываются примерно путем примененияываются примерно путем примененияываются примерно путем примененияываются примерно путем примененияываются примерно путем примененияываются примерно путем примененияываются примерно путем примененияываются примерно путем примененияываются примерно путем примененияываются примерно путем примененияываются примерно путем примененияываются примерно путем примененияываются примерно путем примененияываются примерно путем примененияываются примерно путем примененияываются примерно путем примененияываются примерно путем примененияываются примерно путем примененияываются примерно путем примененияываются примерно путем примененияываются примерно путем примененияываются примерно путем примененияываются примерно путем примененияываются примерно путем примененияываются примерно путем примененияываются примерно путем примененияываются примерно путем примененияываются примерно путем примененияываются примерно путем примененияываются примерно путем примененияываются примерно путем примененияываются примерно путем примененияываются примерно путем применения", "numeric_answer": null, "relative_error": null, "thinking_text": null, "has_tool_call": false, "tool_call": null, "usage": {"prompt_tokens": 120, "completion_tokens": 256, "total_tokens": 376, "token_count_source": "tokenizer"}, "decoding": {"temperature": 0.2, "top_p": null, "top_k": null, "max_tokens": 256, "seed": 42}, "prompt_tokens": 120, "completion_tokens": 256, "total_tokens": 376, "token_count_source": "tokenizer", "diffusion_steps": null, "flops_estimate": null, "flops_arch": null, "flops_model_params": null, "flops_active_params": null, "tokens_non_final": 186, "tokens_reasoning": 0, "tokens_response": 186, "elapsed_seconds": 18.252672910690308, "judgement": "Uncategorized"}
{"id": "discounts_001383", "topic": "discounts", "subtopic": "buy_n_get_m", "prompt": "Buy 5 get 2 free on items priced $2.51 each. You take 8 total. About how much do you pay?", "exact_value": 15.06, "model": "tiiuae/Falcon-H1-7B-Instruct", "provider": "transformers", "response": "Finalются примерно путем расчета стоимости примерно половины из взятых вами предметовываются путем расчета стоимости примерно половины из взятых вами предметовываются путем расчета стоимости примерно половины из взятых вами предметовываются путем расчета стоимости примерно половины из взятых вами предметовываются путем расчета стоимости примерно половины из взятых вами предметовываются путем расчета стоимости примерно половины из взятых вами предметовываются путем расчета стоимости примерно половины из взятых вами предметовываются путем расчета стоимости примерно половины из взятых вами предметовываются путем расчета стоимости примерно половины из взятых вами предметовываются путем расчета стоимости примерно половины из взятых вами предметовываются путем расчета стоимости примерно половиныются путем расчета стоимости примерно половиныются путем расчета стоимости примерноываются путем расчета стоимости примерноываются путем расчета стоимости примерноываются путем расчета стоимости примерноываются путем расчета стоимости примерноываются путем расчета стоимости примерноываются путем расчета стоимости примерноываются путем расчета стоимости примерноываются путем расчета стоимости примерноываются путем расчета стоимости примерноываются путем расчета стоимости примерноываются путем расчета стоимости примерноываются путем расчета стоимости примерноываются путем расчета стоимости примерноываются путем расчета стоимости примерноываются путем расчета стоимости примерноываются путем", "numeric_answer": null, "relative_error": null, "thinking_text": null, "has_tool_call": false, "tool_call": null, "usage": {"prompt_tokens": 108, "completion_tokens": 256, "total_tokens": 364, "token_count_source": "tokenizer"}, "decoding": {"temperature": 0.2, "top_p": null, "top_k": null, "max_tokens": 256, "seed": 42}, "prompt_tokens": 108, "completion_tokens": 256, "total_tokens": 364, "token_count_source": "tokenizer", "diffusion_steps": null, "flops_estimate": null, "flops_arch": null, "flops_model_params": null, "flops_active_params": null, "tokens_non_final": 167, "tokens_reasoning": 0, "tokens_response": 167, "elapsed_seconds": 18.296114921569824, "judgement": "Uncategorized"}
{"id": "discounts_001403", "topic": "discounts", "subtopic": "percent", "prompt": "Cart: $49.45, $5.75. A 15% discount applies to everything. About how much do you pay?", "exact_value": 46.92, "model": "tiiuae/Falcon-H1-7B-Instruct", "provider": "transformers", "response": "Finalются примерно путем применения скидки примерно примерно примерно примерно примерно примерно примерно примерно примерно примерно примерно примерно примерно примерно примерно примерно примерно примерно примерно примерно примерно примерно примерно примерно примерно примерно примерно примерно примерно примерно примерно примерно примерно примерно примерно примерно примерно примерно примерно примерно примерно примерно примерно примерно примерно примерно примерно примерно примерно примерно примерно примерно примерно примерно примерно примерно примерно примерно примерно примерно примерно примерно примерно примерно примерно примерно примерно примерно примерно примерно примерно примерно примерно примерно примерно примерно примерно примерно примерно примерно примерно примерно примерно примерно примерно примерно примерно примерно примерно примерно примерно примерно примерно примерно примерно примерно примерно примерно примерно примерно примерно примерно примерно примерно примерно примерно примерно примерно примерно примерно примерно примерно примерно примерно примерно примерно примерно примерно примерно примерно примерно примерно примерно примерно примерно примерно примерно примерно примерно примерно примерно примерно примерно примерно примерно примерно примерно примерно примерно примерно примерно примерно примерно примерно примерно примерно примерно примерно примерно примерно примерно примерно примерно примерно примерно примерно примерно примерно примерно примерно примерно примерно примерно примерно примерно примерно примерно примерно примерно примерно примерно примерно примерно примерно примерно примерно примерно примерно примерно примерно примерно примерно примерно примерно примерно примерно примерно примерно примерно примерно примерно примерно примерно примерно примерно примерно примерно примерно примерно примерно примерно примерно примерно примерно примерно примерно примерно примерно примерно примерно примерно примерно примерно примерно примерно примерно примерно примерно примерно примерно примерно примерно примерно примерно примерно примерно примерно примерно примерно примерно примерно примерно примерно примерно примерно примерно примерно примерно примерно примерно примерно примерно примерно примерно примерно примерно примерно примерно", "numeric_answer": null, "relative_error": null, "thinking_text": null, "has_tool_call": false, "tool_call": null, "usage": {"prompt_tokens": 111, "completion_tokens": 256, "total_tokens": 367, "token_count_source": "tokenizer"}, "decoding": {"temperature": 0.2, "top_p": null, "top_k": null, "max_tokens": 256, "seed": 42}, "prompt_tokens": 111, "completion_tokens": 256, "total_tokens": 367, "token_count_source": "tokenizer", "diffusion_steps": null, "flops_estimate": null, "flops_arch": null, "flops_model_params": null, "flops_active_params": null, "tokens_non_final": 253, "tokens_reasoning": 0, "tokens_response": 253, "elapsed_seconds": 18.376051902770996, "judgement": "Uncategorized"}
{"id": "discounts_001423", "topic": "discounts", "subtopic": "stacked", "prompt": "Stacked deal: 15% off, then $5 coupon if you spend $30 or more. Cart: $19.07, $30.50, $14.10, $29.57, $24.48, $18.89. About how much do you pay?", "exact_value": 111.12, "model": "tiiuae/Falcon-H1-7B-Instruct", "provider": "transformers", "response": "Finalются примерно путем применения скидки и купона согласно условиям сделкиываются путем применения скидки и купона согласно условиям сделкиываются путем применения скидки и купона согласно условиям сделкиываются путем применения скидки и купона согласно условиям сделкиываются путем применения скидки и купона согласно условиям сделкиываются путем применения скидки и купона согласно условиям сделкиываются путем применения скидки и купона согласно условиям сделкиываются путем применения скидки и купона согласно условиям сделкиываются путем применения скидки и купона согласно условиям сделкиываются путем применения скидки и купона согласно условиям сделкиываются путем применения скидки и купона согласно условиям сделкиываются путем применения скидки и купона согласно условиям сделкиываются путем применения скидки и купона согласно условиям сделкиываются путем применения скидки и купона согласно условиям сделкиываются путем применения скидки и купона согласно условиям сделкиываются путем применения скидки и купона согласно условиям сделкиываются путем применения скидки и купона согласно условиям сделкиываются путем применения скидки и купона согласно условиям сделкиываются путем применения скидки и купона согласно условиям сделкиываются путем применения скидки и", "numeric_answer": null, "relative_error": null, "thinking_text": null, "has_tool_call": false, "tool_call": null, "usage": {"prompt_tokens": 159, "completion_tokens": 256, "total_tokens": 415, "token_count_source": "tokenizer"}, "decoding": {"temperature": 0.2, "top_p": null, "top_k": null, "max_tokens": 256, "seed": 42}, "prompt_tokens": 159, "completion_tokens": 256, "total_tokens": 415, "token_count_source": "tokenizer", "diffusion_steps": null, "flops_estimate": null, "flops_arch": null, "flops_model_params": null, "flops_active_params": null, "tokens_non_final": 158, "tokens_reasoning": 0, "tokens_response": 158, "elapsed_seconds": 18.38738441467285, "judgement": "Uncategorized"}
{"id": "discounts_001443", "topic": "discounts", "subtopic": "threshold", "prompt": "Threshold coupon applies: $5 off $40+ spend. Cart: $30.27, $5.01, $32.89, $4.11. About how much do you pay?", "exact_value": 67.28, "model": "tiiuae/Falcon-H1-7B-Instruct", "provider": "transformers", "response": "Finalются примерно путем суммирования стоимости всех позиций в корзине и затем применения купона при условии достижения порога в 40 долларов США или болееются примерно путем суммирования стоимости всех позицийются примерно путем суммирования стоимости всех позицийются примерно путем суммирования стоимости всех позицийются примерно путем суммирования стоимости всех позицийются примерно путем суммирования стоимости всех позицийются примерно путем суммирования стоимости всех позицийются примерно путем суммирования стоимости всех позицийются примерно путем суммирования стоимости всех позицийются примерно путем суммирования стоимости всех позицийются примерно путем суммирования стоимости всех позицийются примерно путем суммирования стоимости всех позицийются примерно путем суммирования стоимости всех позицийются примерно путем суммирования стоимости всех позицийются примерно путем суммирования стоимости всех позицийются примерно путем суммирования стоимости всех позицийются примерно путем суммирования стоимости всех позицийются примерно путем суммирования стоимости всех позицийются примерно путем суммирования стоимости всех позицийются примерно путем суммирования стоимости всех позицийются примерно путем суммирования стоимости всех позицийются примерно путем суммирования стоимости всех позицийются примерно путем суммирования стоимости всех позицийются примерно", "numeric_answer": 40.0, "relative_error": 0.4054696789536266, "thinking_text": null, "has_tool_call": false, "tool_call": null, "usage": {"prompt_tokens": 131, "completion_tokens": 256, "total_tokens": 387, "token_count_source": "tokenizer"}, "decoding": {"temperature": 0.2, "top_p": null, "top_k": null, "max_tokens": 256, "seed": 42}, "prompt_tokens": 131, "completion_tokens": 256, "total_tokens": 387, "token_count_source": "tokenizer", "diffusion_steps": null, "flops_estimate": null, "flops_arch": null, "flops_model_params": null, "flops_active_params": null, "tokens_non_final": 156, "tokens_reasoning": 0, "tokens_response": 156, "elapsed_seconds": 18.528589248657227, "judgement": "Mildly off"}
{"id": "discounts_001463", "topic": "discounts", "subtopic": "stacked", "prompt": "Stacked deal: 20% off, then $10 coupon if you spend $50 or more. Cart: $17.21, $5.84, $30.05. About how much do you pay?", "exact_value": 42.48, "model": "tiiuae/Falcon-H1-7B-Instruct", "provider": "transformers", "response": "Finalются примерно путем применения скидки и купона согласно условиям сделкиываются путем применения скидки и купона согласно условиям сделкиются путем применения скидки и купона согласно условиям сделкиываются путем применения скидки и купона согласно условиям сделкиываются путем применения скидки и купона согласно условиям сделкиываются путем применения скидки и купона согласно условиям сделкиываются путем применения скидкиются путем применения скидкиются путем применения скидкиются путем применения скидкиются путем применения скидкиются путем применения скидкиются путем применения скидкиются путем применения скидкиются путем применения скидкиются путем применения скидкиются путем примененияются путем примененияются путем примененияются путем примененияются путем примененияются путем примененияются путем примененияются путем примененияются путем примененияются путем примененияются путем примененияются путем примененияются путем примененияются путем примененияются путем примененияются путем примененияются путем примененияются путем примененияются путем примененияются путем примененияются путем примененияются путем примененияются путем примененияются путем примененияются путем примененияются путем примененияются путем примененияются путем примененияются путем примененияются путем примененияются путем примененияются путем примененияются путем примененияются путем примененияются путем примененияются путем примененияются путем примененияются путем примененияются путем", "numeric_answer": null, "relative_error": null, "thinking_text": null, "has_tool_call": false, "tool_call": null, "usage": {"prompt_tokens": 135, "completion_tokens": 256, "total_tokens": 391, "token_count_source": "tokenizer"}, "decoding": {"temperature": 0.2, "top_p": null, "top_k": null, "max_tokens": 256, "seed": 42}, "prompt_tokens": 135, "completion_tokens": 256, "total_tokens": 391, "token_count_source": "tokenizer", "diffusion_steps": null, "flops_estimate": null, "flops_arch": null, "flops_model_params": null, "flops_active_params": null, "tokens_non_final": 157, "tokens_reasoning": 0, "tokens_response": 157, "elapsed_seconds": 18.438878059387207, "judgement": "Uncategorized"}
{"id": "discounts_001483", "topic": "discounts", "subtopic": "stacked", "prompt": "Stacked deal: 20% off, then $5 coupon if you spend $40 or more. Cart: $7.98, $13.08, $39.62, $23.53, $7.04, $16.41. About how much do you pay?", "exact_value": 81.13, "model": "tiiuae/Falcon-H1-7B-Instruct", "provider": "transformers", "response": "Finalются примерно путем следования этим шагамются примерно путем следования этим шагамются примерно путем следования этим шагамются примерно путем следования этим шагамются примерно путем следования этим шагамются примерно путем следования этим шагамются примерно путем следования этим шагамются примерно путем следования этим шагамются примерно путем следования этим шагамются примерно путем следования этим шагамются примерно путем следования этим шагамются примерно путем следования этим шагамются примерно путем следования этим шагамются примерно путем следования этим шагамются примерно путем следования этим шагамются примерно путем следования этим шагамются примерно путем следования этим шагамются примерно путем следования этим шагамются примерно путем следования этим шагамются примерно путем следования этим шагамются примерно путем следования этим шагамются примерно путем следования этим шагамются примерно путем следования этим шагамются примерно путем следования этим шагамются примерно путем следования этим шагамются примерно путем следования этим шагамются примерно путем следования этим шагамются примерно путем следования этим шагамются примерно путем следования этим шагамются примерно путем следования этим шагамются примерно путем следования этим шагамются примерно путем следования этим шаг", "numeric_answer": null, "relative_error": null, "thinking_text": null, "has_tool_call": false, "tool_call": null, "usage": {"prompt_tokens": 157, "completion_tokens": 256, "total_tokens": 413, "token_count_source": "tokenizer"}, "decoding": {"temperature": 0.2, "top_p": null, "top_k": null, "max_tokens": 256, "seed": 42}, "prompt_tokens": 157, "completion_tokens": 256, "total_tokens": 413, "token_count_source": "tokenizer", "diffusion_steps": null, "flops_estimate": null, "flops_arch": null, "flops_model_params": null, "flops_active_params": null, "tokens_non_final": 161, "tokens_reasoning": 0, "tokens_response": 161, "elapsed_seconds": 18.3175106048584, "judgement": "Uncategorized"}
{"id": "discounts_001503", "topic": "discounts", "subtopic": "stacked", "prompt": "Stacked deal: 15% off, then $10 coupon if you spend $30 or more. Cart: $5.05, $35.87, $13.37, $20.23, $19.52, $14.94. About how much do you pay?", "exact_value": 82.63, "model": "tiiuae/Falcon-H1-7B-Instruct", "provider": "transformers", "response": "Finalются примерно путем суммирования стоимости позиций в корзине и затем применения скидок согласно условиям предложенияются примерно путем суммирования стоимости позиций в корзине и затем применения скидок согласно условиям предложенияются примерно путем суммирования стоимости позиций в корзине и затем применения скидок согласно условиям предложенияются примерно путем суммирования стоимости позицийются примерно путем суммирования стоимости позицийются примерно путем суммирования стоимости позицийются примерно путем суммирования стоимости позицийются примерно путем суммирования стоимости позицийются примерно путем суммирования стоимости позицийются примерно путем суммирования стоимости позицийются примерно путем суммирования стоимости позицийются примерно путем суммирования стоимости позицийются примерно путем суммирования стоимости позицийются примерно путем суммирования стоимости позицийются примерно путем суммирования стоимости позицийются примерно путем суммирования стоимости позицийются примерно путем суммирования стоимости позицийются примерно путем суммирования стоимости позицийются примерно путем суммирования стоимости позицийются примерно путем суммирования стоимости позицийются примерно путем суммирования стоимости позицийются примерно путем суммирования стоимости позицийются примерно путем суммирования стоимости позицийются примерно путем суммирования", "numeric_answer": null, "relative_error": null, "thinking_text": null, "has_tool_call": false, "tool_call": null, "usage": {"prompt_tokens": 159, "completion_tokens": 256, "total_tokens": 415, "token_count_source": "tokenizer"}, "decoding": {"temperature": 0.2, "top_p": null, "top_k": null, "max_tokens": 256, "seed": 42}, "prompt_tokens": 159, "completion_tokens": 256, "total_tokens": 415, "token_count_source": "tokenizer", "diffusion_steps": null, "flops_estimate": null, "flops_arch": null, "flops_model_params": null, "flops_active_params": null, "tokens_non_final": 146, "tokens_reasoning": 0, "tokens_response": 146, "elapsed_seconds": 18.308176040649414, "judgement": "Uncategorized"}
{"id": "discounts_001523", "topic": "discounts", "subtopic": "percent", "prompt": "Cart: $17.62, $17.49. A 25% discount applies to everything. About how much do you pay?", "exact_value": 26.33, "model": "tiiuae/Falcon-H1-7B-Instruct", "provider": "transformers", "response": "Finalются примерно на сумму примерно равную среднему значению стоимости товаров после скидки примерно примерно примерно примерно примерно примерно примерно примерно примерно примерно примерно примерно примерно примерно примерно примерно примерно примерно примерно примерно примерно примерно примерно примерно примерно примерно примерно примерно примерно примерно примерно примерно примерно примерно примерно примерно примерно примерно примерно примерно примерно примерно примерно примерно примерно примерно примерно примерно примерно примерно примерно примерно примерно примерно примерно примерно примерно примерно примерно примерно примерно примерно примерно примерно примерно примерно примерно примерно примерно примерно примерно примерно примерно примерно примерно примерно примерно примерно примерно примерно примерно примерно примерно примерно примерно примерно примерно примерно примерно примерно примерно примерно примерно примерно примерно примерно примерно примерно примерно примерно примерно примерно примерно примерно примерно примерно примерно примерно примерно примерно примерно примерно примерно примерно примерно примерно примерно примерно примерно примерно примерно примерно примерно примерно примерно примерно примерно примерно примерно примерно примерно примерно примерно примерно примерно примерно примерно примерно примерно примерно примерно примерно примерно примерно примерно примерно примерно примерно примерно примерно примерно примерно примерно примерно примерно примерно примерно примерно примерно примерно примерно примерно примерно примерно примерно примерно примерно примерно примерно примерно примерно примерно примерно примерно примерно примерно примерно примерно примерно примерно примерно примерно примерно примерно примерно примерно примерно примерно примерно примерно примерно примерно примерно примерно примерно примерно примерно примерно примерно примерно примерно примерно примерно примерно примерно примерно примерно примерно примерно примерно примерно примерно примерно примерно примерно примерно примерно примерно примерно примерно примерно примерно примерно примерно примерно примерно примерно примерно примерно примерно примерно примерно примерно примерно примерно примерно примерно примерно", "numeric_answer": null, "relative_error": null, "thinking_text": null, "has_tool_call": false, "tool_call": null, "usage": {"prompt_tokens": 112, "completion_tokens": 256, "total_tokens": 368, "token_count_source": "tokenizer"}, "decoding": {"temperature": 0.2, "top_p": null, "top_k": null, "max_tokens": 256, "seed": 42}, "prompt_tokens": 112, "completion_tokens": 256, "total_tokens": 368, "token_count_source": "tokenizer", "diffusion_steps": null, "flops_estimate": null, "flops_arch": null, "flops_model_params": null, "flops_active_params": null, "tokens_non_final": 250, "tokens_reasoning": 0, "tokens_response": 250, "elapsed_seconds": 18.416048526763916, "judgement": "Uncategorized"}
{"id": "discounts_001543", "topic": "discounts", "subtopic": "percent", "prompt": "Cart: $41.40, $12.55, $25.87, $24.13. A 10% discount applies to everything. About how much do you pay?", "exact_value": 93.56, "model": "tiiuae/Falcon-H1-7B-Instruct", "provider": "transformers", "response": "Finalются примерно путем суммирования стоимости всех позиций и затем применения скидки примерно на ются примерно путем суммирования стоимости всех позиций и затем применения скидки примерно наются примерно путем суммирования стоимости всех позиций и затем примененияются примерно путем суммирования стоимости всех позиций и затем примененияются примерно путем суммирования стоимости всех позиций и затем примененияются примерно путем суммирования стоимости всех позиций и затем примененияются примерно путем суммирования стоимости всех позиций и затем примененияются примерно путем суммирования стоимости всех позиций и затем примененияются примерно путем суммирования стоимости всех позиций иются примерно путем суммирования стоимости всех позиций иются примерно путем суммирования стоимости всех позицийются примерно путем суммирования стоимости всех позицийются примерно путем суммирования стоимости всех позицийются примерно путем суммирования стоимости всех позицийются примерно путем суммирования стоимости всех позицийются примерно путем суммирования стоимостиются примерно путем суммирования стоимостиются примерно путем суммирования стоимостиются примерно путем суммирования стоимостиются примерно путем суммирования стоимостиются примерно путем суммирования стоимостиются примерно путем суммирования стоимостиются примерно путем суммирования стоимостиются примерно путем суммирования стоимостиются примерно путем суммиров", "numeric_answer": null, "relative_error": null, "thinking_text": null, "has_tool_call": false, "tool_call": null, "usage": {"prompt_tokens": 128, "completion_tokens": 256, "total_tokens": 384, "token_count_source": "tokenizer"}, "decoding": {"temperature": 0.2, "top_p": null, "top_k": null, "max_tokens": 256, "seed": 42}, "prompt_tokens": 128, "completion_tokens": 256, "total_tokens": 384, "token_count_source": "tokenizer", "diffusion_steps": null, "flops_estimate": null, "flops_arch": null, "flops_model_params": null, "flops_active_params": null, "tokens_non_final": 163, "tokens_reasoning": 0, "tokens_response": 163, "elapsed_seconds": 18.41418170928955, "judgement": "Uncategorized"}
{"id": "discounts_001563", "topic": "discounts", "subtopic": "buy_n_get_m", "prompt": "Buy 5 get 2 free on items priced $6.56 each. You take 13 total. About how much do you pay?", "exact_value": 65.6, "model": "tiiuae/Falcon-H1-7B-Instruct", "provider": "transformers", "response": "Finalются примерно путем подсчета стоимости примерно ются примерно путем подсчета стоимости примерно путем подсчета стоимости примерно путем подсчета стоимости примерно путем подсчета стоимости примерно путем подсчета стоимости примерно путем подсчета стоимости примерно путем подсчета стоимости примерно путем подсчета стоимости примерно путем подсчета стоимости примерно путем подсчета стоимости примерно путем подсчета стоимости примерно путем подсчета стоимости примерно путем подсчета стоимости примерно путем подсчета стоимости примерно путем подсчета стоимости примерно путем подсчета стоимости примерно путем подсчета стоимости примерно путем подсчета стоимости примерно путем подсчета стоимости примерно путем подсчета стоимости примерно путем подсчета стоимости примерно путем подсчета стоимости примерно путем подсчета стоимости примерно путем подсчета стоимости примерно путем подсчета стоимости примерно путем подсчета стоимости примерно путем подсчета стоимости примерно путем подсчета стоимости примерно путем подсчета стоимости примерно путем подсчета стоимости примерно путем подсчета стоимости примерно путем подсчета стоимости примерно путем подсчета стоимости примерно путем подсчета стоимости примерно путем подсчета стоимости примерно путем подсчета стоимости примерно путем подсчета стоимости примерно путем подсчета стоимости примерно путем подсчета стоимости примерно путем подсчета стоимости примерно путем подсчета", "numeric_answer": null, "relative_error": null, "thinking_text": null, "has_tool_call": false, "tool_call": null, "usage": {"prompt_tokens": 109, "completion_tokens": 256, "total_tokens": 365, "token_count_source": "tokenizer"}, "decoding": {"temperature": 0.2, "top_p": null, "top_k": null, "max_tokens": 256, "seed": 42}, "prompt_tokens": 109, "completion_tokens": 256, "total_tokens": 365, "token_count_source": "tokenizer", "diffusion_steps": null, "flops_estimate": null, "flops_arch": null, "flops_model_params": null, "flops_active_params": null, "tokens_non_final": 170, "tokens_reasoning": 0, "tokens_response": 170, "elapsed_seconds": 18.356194257736206, "judgement": "Uncategorized"}
{"id": "discounts_001583", "topic": "discounts", "subtopic": "percent", "prompt": "Cart: $16.59, $10.20. A 25% discount applies to everything. About how much do you pay?", "exact_value": 20.09, "model": "tiiuae/Falcon-H1-7B-Instruct", "provider": "transformers", "response": "Finalются примерно путем применения скидки примерно наемые значенияываются путем применения скидки примерноываются путем применения скидки примерноываются путем применения скидки примерноываются путем применения скидки примерноываются путем применения скидки примерноываются путем применения скидки примерноываются путем применения скидки примерноываются путем применения скидки примерноываются путем применения скидки примерноываются путем примененияются путем примененияются путем примененияываются путем примененияываются путем примененияываются путем примененияываются путем примененияываются путем примененияываются путем примененияываются путем примененияываются путем примененияываются путем примененияываются путем примененияываются путем примененияываются путем примененияываются путем примененияываются путем примененияываются путем примененияываются путем примененияываются путем примененияываются путем примененияываются путем примененияываются путем примененияываются путем примененияываются путем примененияываются путем примененияываются путем примененияываются путем примененияываются путем примененияываются путем примененияываются путем примененияываются путем примененияываются путем примененияываются путем примененияываются путем примененияываются путем примененияываются путем примененияываются путем примененияываются путем примененияываются путем примененияываются путем примененияываются путем примененияываются путем примененияываются путем примененияываются путем примененияываются путем примененияываются путем примененияываются путем примененияываются путем примененияываются путем примененияываются путем примененияываются путем примененияываются путем примененияываются путем примененияываются путем примененияываются путем примененияываются путем примененияываются путем примененияываются путем примененияываются путем примененияываются", "numeric_answer": null, "relative_error": null, "thinking_text": null, "has_tool_call": false, "tool_call": null, "usage": {"prompt_tokens": 112, "completion_tokens": 256, "total_tokens": 368, "token_count_source": "tokenizer"}, "decoding": {"temperature": 0.2, "top_p": null, "top_k": null, "max_tokens": 256, "seed": 42}, "prompt_tokens": 112, "completion_tokens": 256, "total_tokens": 368, "token_count_source": "tokenizer", "diffusion_steps": null, "flops_estimate": null, "flops_arch": null, "flops_model_params": null, "flops_active_params": null, "tokens_non_final": 164, "tokens_reasoning": 0, "tokens_response": 164, "elapsed_seconds": 18.400152683258057, "judgement": "Uncategorized"}
{"id": "discounts_001603", "topic": "discounts", "subtopic": "stacked", "prompt": "Stacked deal: 15% off, then $5 coupon if you spend $40 or more. Cart: $30.66, $8.69, $10.48, $36.69, $30.92. About how much do you pay?", "exact_value": 94.82, "model": "tiiuae/Falcon-H1-7B-Instruct", "provider": "transformers", "response": "Finalются примерно путем следования этим шагамются примерно путем следования этим шагамются примерно путем следования этим шагамются примерно путем следования этим шагамются примерно путем следования этим шагамются примерно путем следования этим шагамются примерно путем следования этим шагамются примерно путем следования этим шагамются примерно путем следования этим шагамются примерно путем следования этим шагамются примерно путем следования этим шагамются примерно путем следования этим шагамются примерно путем следования этим шагамются примерно путем следования этим шагамются примерно путем следования этим шагамются примерно путем следования этим шагамются примерно путем следования этим шагамются примерно путем следования этим шагамются примерно путем следования этим шагамются примерно путем следования этим шагамются примерно путем следования этим шагамются примерно путем следования этим шагамются примерно путем следования этим шагамются примерно путем следования этим шагамются примерно путем следования этим шагамются примерно путем следования этим шагамются примерно путем следования этим шагамются примерно путем следования этим шагамются примерно путем следования этим шагамются примерно путем следования этим шагамются примерно путем следования этим шагамются примерно путем следования этим шаг", "numeric_answer": null, "relative_error": null, "thinking_text": null, "has_tool_call": false, "tool_call": null, "usage": {"prompt_tokens": 150, "completion_tokens": 256, "total_tokens": 406, "token_count_source": "tokenizer"}, "decoding": {"temperature": 0.2, "top_p": null, "top_k": null, "max_tokens": 256, "seed": 42}, "prompt_tokens": 150, "completion_tokens": 256, "total_tokens": 406, "token_count_source": "tokenizer", "diffusion_steps": null, "flops_estimate": null, "flops_arch": null, "flops_model_params": null, "flops_active_params": null, "tokens_non_final": 161, "tokens_reasoning": 0, "tokens_response": 161, "elapsed_seconds": 18.767077207565308, "judgement": "Uncategorized"}
{"id": "discounts_001623", "topic": "discounts", "subtopic": "threshold", "prompt": "Threshold coupon applies: $15 off $25+ spend. Cart: $27.63, $11.37, $28.67, $23.20, $7.60. About how much do you pay?", "exact_value": 83.47, "model": "tiiuae/Falcon-H1-7B-Instruct", "provider": "transformers", "response": "Finalются примерно путем суммирования стоимости корзины и применения купона при условии достижения порога в ются примерно путем суммирования стоимости корзины и применения купона при условии достижения порога вются примерно путем суммирования стоимости корзины и применения купона при условии достижения порога вются примерно путем суммирования стоимости корзины и применения купона при условии достижения порога вются примерно путем суммирования стоимости корзины и применения купона при условии достижения порогаются примерно путем суммирования стоимости корзиныются примерно путем суммирования стоимости корзиныются примерно путем суммирования стоимости корзиныются примерно путем суммирования стоимости корзиныются примерно путем суммирования стоимости корзиныются примерно путем суммирования стоимости корзиныются примерно путем суммирования стоимости корзиныются примерно путем суммирования стоимости корзиныются примерно путем суммирования стоимости корзиныются примерно путем суммирования стоимости корзиныются примерно путем суммирования стоимости корзиныются примерно путем суммирования стоимости корзиныются примерно путем суммирования стоимости корзиныются примерно путем суммирования стоимости корзиныются примерно путем суммирования стоимости корзины", "numeric_answer": null, "relative_error": null, "thinking_text": null, "has_tool_call": false, "tool_call": null, "usage": {"prompt_tokens": 141, "completion_tokens": 256, "total_tokens": 397, "token_count_source": "tokenizer"}, "decoding": {"temperature": 0.2, "top_p": null, "top_k": null, "max_tokens": 256, "seed": 42}, "prompt_tokens": 141, "completion_tokens": 256, "total_tokens": 397, "token_count_source": "tokenizer", "diffusion_steps": null, "flops_estimate": null, "flops_arch": null, "flops_model_params": null, "flops_active_params": null, "tokens_non_final": 141, "tokens_reasoning": 0, "tokens_response": 141, "elapsed_seconds": 18.281963348388672, "judgement": "Uncategorized"}
{"id": "discounts_001643", "topic": "discounts", "subtopic": "percent", "prompt": "Cart: $6.86, $18.76, $18.57. A 25% discount applies to everything. About how much do you pay?", "exact_value": 33.14, "model": "tiiuae/Falcon-H1-7B-Instruct", "provider": "transformers", "response": "Finalются примерно путем применения скидки примерно на ются примерно путем применения скидки примерно наются примерно путем применения скидки примерноются примерно путем применения скидки примерноются примерно путем применения скидки примерноются примерно путем применения скидки примерноются примерно путем применения скидки примерноются примерно путем примененияются примерно путем примененияываются примерно путем примененияываются примерно путем примененияываются примерно путем примененияываются примерно путем примененияываются примерно путем примененияываются примерно путем примененияываются примерно путем примененияываются примерно путем примененияываются примерно путем примененияываются примерно путем примененияываются примерно путем примененияываются примерно путем примененияываются примерно путем примененияываются примерно путем примененияываются примерно путем примененияываются примерно путем примененияываются примерно путем примененияываются примерно путем примененияываются примерно путем примененияываются примерно путем примененияываются примерно путем примененияываются примерно путем примененияываются примерно путем примененияываются примерно путем примененияываются примерно путем примененияываются примерно путем примененияываются примерно путем примененияываются примерно путем примененияываются примерно путем примененияываются примерно путем примененияываются примерно путем примененияываются примерно путем примененияываются примерно путем примененияываются примерно путем примененияываются примерно путем примененияываются примерно путем примененияываются примерно путем примененияываются примерно путем примененияываются примерно путем примененияываются примерно путем примененияываются примерно путем примененияываются примерно путем примененияываются примерно путем примененияываются примерно путем примененияываются примерно путем примененияываются примерно путем примененияываются примерно путем применения", "numeric_answer": null, "relative_error": null, "thinking_text": null, "has_tool_call": false, "tool_call": null, "usage": {"prompt_tokens": 119, "completion_tokens": 256, "total_tokens": 375, "token_count_source": "tokenizer"}, "decoding": {"temperature": 0.2, "top_p": null, "top_k": null, "max_tokens": 256, "seed": 42}, "prompt_tokens": 119, "completion_tokens": 256, "total_tokens": 375, "token_count_source": "tokenizer", "diffusion_steps": null, "flops_estimate": null, "flops_arch": null, "flops_model_params": null, "flops_active_params": null, "tokens_non_final": 186, "tokens_reasoning": 0, "tokens_response": 186, "elapsed_seconds": 18.37989568710327, "judgement": "Uncategorized"}
{"id": "discounts_001663", "topic": "discounts", "subtopic": "percent", "prompt": "Cart: $12.12, $48.45, $47.34, $46.59. A 15% discount applies to everything. About how much do you pay?", "exact_value": 131.33, "model": "tiiuae/Falcon-H1-7B-Instruct", "provider": "transformers", "response": "Finalются примерно путем суммирования стоимости всех позиций и затем применения скидки примерно на ются примерно путем суммирования стоимости всех позиций и затем применения скидки примерно наются примерно путем суммирования стоимости всех позиций и затем примененияются примерно путем суммирования стоимости всех позиций и затем примененияются примерно путем суммирования стоимости всех позиций и затем примененияются примерно путем суммирования стоимости всех позиций и затем примененияются примерно путем суммирования стоимости всех позиций и затем примененияются примерно путем суммирования стоимости всех позиций и затем примененияются примерно путем суммирования стоимости всех позиций и затем примененияются примерно путем суммирования стоимости всех позиций и затем примененияются примерно путем суммирования стоимости всех позиций и затем примененияются примерно путем суммирования стоимости всех позиций и затем примененияются примерно путем суммирования стоимости всех позиций и затем примененияются примерно путем суммирования стоимости всех позиций и затем примененияются примерно путем суммирования стоимости всех позицийются примерно путем суммирования стоимости всех позицийются примерно путем суммирования стоимости всех позицийются примерно путем суммирования стоимости всех позицийются примерно путем суммирования стоимости всех позицийются примерно путем суммирования стоимости всех позицийются примерно", "numeric_answer": null, "relative_error": null, "thinking_text": null, "has_tool_call": false, "tool_call": null, "usage": {"prompt_tokens": 128, "completion_tokens": 256, "total_tokens": 384, "token_count_source": "tokenizer"}, "decoding": {"temperature": 0.2, "top_p": null, "top_k": null, "max_tokens": 256, "seed": 42}, "prompt_tokens": 128, "completion_tokens": 256, "total_tokens": 384, "token_count_source": "tokenizer", "diffusion_steps": null, "flops_estimate": null, "flops_arch": null, "flops_model_params": null, "flops_active_params": null, "tokens_non_final": 171, "tokens_reasoning": 0, "tokens_response": 171, "elapsed_seconds": 18.337226390838623, "judgement": "Uncategorized"}
{"id": "discounts_001683", "topic": "discounts", "subtopic": "threshold", "prompt": "Threshold coupon applies: $10 off $50+ spend. Cart: $26.16, $9.78, $26.05, $18.31, $13.69. About how much do you pay?", "exact_value": 83.99, "model": "tiiuae/Falcon-H1-7B-Instruct", "provider": "transformers", "response": "Finalются примерно путем суммирования стоимости всех позиций в корзине и затем применения купона при условии достижения порога в 50 долларов США. Давайте мне сначала рассчитывать сумму корзины и затем применять купон согласно условиям.", "numeric_answer": 50.0, "relative_error": 0.40469103464698175, "thinking_text": null, "has_tool_call": false, "tool_call": null, "usage": {"prompt_tokens": 141, "completion_tokens": 54, "total_tokens": 195, "token_count_source": "tokenizer"}, "decoding": {"temperature": 0.2, "top_p": null, "top_k": null, "max_tokens": 256, "seed": 42}, "prompt_tokens": 141, "completion_tokens": 54, "total_tokens": 195, "token_count_source": "tokenizer", "diffusion_steps": null, "flops_estimate": null, "flops_arch": null, "flops_model_params": null, "flops_active_params": null, "tokens_non_final": 33, "tokens_reasoning": 0, "tokens_response": 33, "elapsed_seconds": 3.912607192993164, "judgement": "Mildly off"}
{"id": "discounts_001703", "topic": "discounts", "subtopic": "percent", "prompt": "Cart: $19.62, $31.18, $3.11, $24.12. A 30% discount applies to everything. About how much do you pay?", "exact_value": 54.62, "model": "tiiuae/Falcon-H1-7B-Instruct", "provider": "transformers", "response": "Finalются примерно путем применения скидки примерно на ются примерно путем применения скидки примерно наются примерно путем применения скидки примерноются примерно путем применения скидки примерноаются примерно путем применения скидки примерноаются примерно путем применения скидки примерноаются примерно путем применения скидки примерноаются примерно путем применения скидки примерноаются примерно путем применения скидки примерноаются примерно путем примененияются примерно путем примененияются примерно путем примененияются примерно путем примененияются примерно путем примененияются примерно путем примененияются примерно путем примененияются примерно путем примененияются примерно путем примененияются примерно путем примененияются примерно путем примененияются примерно путем примененияются примерно путем примененияются примерно путем примененияются примерно путем примененияются примерно путем примененияются примерно путем примененияются примерно путем примененияются примерно путем примененияются примерно путем примененияются примерно путем примененияются примерно путем примененияются примерно путем примененияются примерно путем примененияются примерно путем примененияются примерно путем примененияются примерно путем примененияются примерно путем примененияются примерно путем примененияются примерно путем примененияются примерно путем примененияются примерно путем примененияются примерно путем примененияются примерно путем примененияются примерно путем примененияются примерно путем примененияются примерно путем примененияются примерно путем примененияются примерно путем примененияются примерно путем примененияются примерно путем примененияются примерно путем примененияются примерно путем примененияются примерно путем примененияются примерно путем применения", "numeric_answer": null, "relative_error": null, "thinking_text": null, "has_tool_call": false, "tool_call": null, "usage": {"prompt_tokens": 127, "completion_tokens": 256, "total_tokens": 383, "token_count_source": "tokenizer"}, "decoding": {"temperature": 0.2, "top_p": null, "top_k": null, "max_tokens": 256, "seed": 42}, "prompt_tokens": 127, "completion_tokens": 256, "total_tokens": 383, "token_count_source": "tokenizer", "diffusion_steps": null, "flops_estimate": null, "flops_arch": null, "flops_model_params": null, "flops_active_params": null, "tokens_non_final": 184, "tokens_reasoning": 0, "tokens_response": 184, "elapsed_seconds": 18.391303062438965, "judgement": "Uncategorized"}
{"id": "discounts_001723", "topic": "discounts", "subtopic": "buy_n_get_m", "prompt": "Buy 4 get 2 free on items priced $2.55 each. You take 8 total. About how much do you pay?", "exact_value": 15.3, "model": "tiiuae/Falcon-H1-7B-Instruct", "provider": "transformers", "response": "Finalются примерно путем подсчета стоимости примерно половины из взятыхlagtых товаровываются примерно путем подсчета стоимости примерно половины из взятыхlagtются примерно путем подсчета стоимости примерно половины из взятыхlagtются примерно путем подсчета стоимости примерно половины из взятыхlagtются примерно путем подсчета стоимости примерно половины из взятыхlagtются примерно путем подсчета стоимости примерно половины из взятыхlagtются примерно путем подсчета стоимости примерно половины из взятыхlagtются примерно путем подсчета стоимости примерно половины из взятыхlagtются примерно путем подсчета стоимости примерно половины из взятыхlagtются примерно путем подсчета стоимости примерно половины из взятыхlagtются примерно путем подсчета стоимости примерно половиныются примерно путем подсчета стоимости примерно половиныются примерно путем подсчета стоимости примерно половиныются примерно путем подсчета стоимости примерно половиныются примерно путем подсчета стоимости примерно половиныются примерно путем подсчета стоимости примерно половиныются примерно путем подсчета стоимости примерно половиныются примерно путем подсчета стоимости примерно половиныются примерно путем подсчета стоимости примерно половиныются примерно путем подсчета стоимости примерно половиныются примерно путем подсчета стоимости примерно половиныются примерно путем", "numeric_answer": null, "relative_error": null, "thinking_text": null, "has_tool_call": false, "tool_call": null, "usage": {"prompt_tokens": 108, "completion_tokens": 256, "total_tokens": 364, "token_count_source": "tokenizer"}, "decoding": {"temperature": 0.2, "top_p": null, "top_k": null, "max_tokens": 256, "seed": 42}, "prompt_tokens": 108, "completion_tokens": 256, "total_tokens": 364, "token_count_source": "tokenizer", "diffusion_steps": null, "flops_estimate": null, "flops_arch": null, "flops_model_params": null, "flops_active_params": null, "tokens_non_final": 150, "tokens_reasoning": 0, "tokens_response": 150, "elapsed_seconds": 18.92647433280945, "judgement": "Uncategorized"}
{"id": "discounts_001743", "topic": "discounts", "subtopic": "threshold", "prompt": "Threshold coupon applies: $5 off $30+ spend. Cart: $4.15, $6.42, $8.97. About how much do you pay?", "exact_value": 19.54, "model": "tiiuae/Falcon-H1-7B-Instruct", "provider": "transformers", "response": "Finalются примерно путем подсчета стоимости корзины и применения купона при условии достижения порога в 30 долларов США.рование примерно путем подсчета стоимости корзины и применения купона при условии достижения порога в 3ются примерно путем подсчета стоимости корзины и применения купона при условии достижения порогаются примерно путем подсчета стоимости корзины и примененияываются непосредственноются непосредственно путем подсчета стоимости корзиныются непосредственно путем подсчета стоимости корзиныются непосредственно путем подсчета стоимости корзиныются непосредственно путем подсчета стоимости корзиныются непосредственно путем подсчета стоимости корзиныются непосредственно путем подсчета стоимости корзиныются непосредственно путем подсчета стоимости корзиныются непосредственно путем подсчета стоимости корзиныются непосредственно путем подсчета стоимости корзиныются непосредственно путем подсчета стоимости корзиныются непосредственно путем подсчета стоимости корзиныются непосредственно путем подсчета стоимости корзиныются непосредственно путем подсчета стоимости корзиныются непосредственно путем подсчета стоимостиются непосредственно путем подсчета стоимостиются непосредственно путем подсчетаываются непосредственно путем подсчетаываются непосредственно путем подсчетаются непосредственно путем подсчетаются непосредственно путем", "numeric_answer": 30.0, "relative_error": 0.5353121801432958, "thinking_text": null, "has_tool_call": false, "tool_call": null, "usage": {"prompt_tokens": 122, "completion_tokens": 256, "total_tokens": 378, "token_count_source": "tokenizer"}, "decoding": {"temperature": 0.2, "top_p": null, "top_k": null, "max_tokens": 256, "seed": 42}, "prompt_tokens": 122, "completion_tokens": 256, "total_tokens": 378, "token_count_source": "tokenizer", "diffusion_steps": null, "flops_estimate": null, "flops_arch": null, "flops_model_params": null, "flops_active_params": null, "tokens_non_final": 138, "tokens_reasoning": 0, "tokens_response": 138, "elapsed_seconds": 18.36450958251953, "judgement": "Mildly off"}
{"id": "discounts_001763", "topic": "discounts", "subtopic": "bogo", "prompt": "BOGO sale (buy one, get one free; free item is the cheaper one in each pair). Items: $12.69, $11.21, $2.47. About how much do you pay?", "exact_value": 15.16, "model": "tiiuae/Falcon-H1-7B-Instruct", "provider": "transformers", "response": "Finalются примерно путем применения условий акции на каждую пару товаров путем выбора более дорогого из каждой пары для оплаты и получения более дешевого бесплатно согласно условиям акции ются примерно путем применения условий акции на каждую паруührtlichываются примерно путем применения условий акцииются примерно путем применения условий акцииются примерно путем применения условий акцииются примерно путем применения условий акцииются примерно путем применения условий акцииются примерно путем применения условий акцииются примерно путем применения условий акцииются примерно путем применения условий акцииются примерно путем применения условий акцииются примерно путем применения условий акцииются примерно путем применения условий акцииются примерно путем применения условий акцииются примерно путем применения условий акцииются примерно путем применения условий акцииются примерно путем применения условий акцииются примерно путем применения условий акцииются примерно путем применения условий акцииются примерно путем применения условий акцииются примерно путем применения условий акцииются примерно путем применения условий акцииются примерно путем применения условий акцииются примерно путем применения условий акцииются примерно путем применения условий акцииются примерно путем применения условий акцииются примерно путем применения условий акцииются примерно путем применения условий акцииются примерно путем применения условий акцииются примерно путем применения условий акцииются примерно путем применения условий акцииются примерно путем применения условий акцииются примерно путем применения условий акцииются примерно путем применения условий акцииются примерно путем применения условий акцииются примерно путем применения условий акцииются примерно путем применения", "numeric_answer": null, "relative_error": null, "thinking_text": null, "has_tool_call": false, "tool_call": null, "usage": {"prompt_tokens": 131, "completion_tokens": 256, "total_tokens": 387, "token_count_source": "tokenizer"}, "decoding": {"temperature": 0.2, "top_p": null, "top_k": null, "max_tokens": 256, "seed": 42}, "prompt_tokens": 131, "completion_tokens": 256, "total_tokens": 387, "token_count_source": "tokenizer", "diffusion_steps": null, "flops_estimate": null, "flops_arch": null, "flops_model_params": null, "flops_active_params": null, "tokens_non_final": 209, "tokens_reasoning": 0, "tokens_response": 209, "elapsed_seconds": 18.450782537460327, "judgement": "Uncategorized"}
{"id": "discounts_001783", "topic": "discounts", "subtopic": "stacked", "prompt": "Stacked deal: 15% off, then $5 coupon if you spend $40 or more. Cart: $7.00, $16.49, $25.56, $15.94, $17.74, $31.47. About how much do you pay?", "exact_value": 92.07, "model": "tiiuae/Falcon-H1-7B-Instruct", "provider": "transformers", "response": "Finalются примерно путем применения скидки и купона согласно условиям сделкиываются путем применения скидки и купона согласно условиям сделкиются путем применения скидки и купона согласно условиям сделкиываются путем применения скидки и купона согласно условиям сделкиываются путем применения скидки и купона согласно условиям сделкиываются путем применения скидки и купона согласно условиям сделкиываются путем применения скидки и купона согласно условиям сделкиываются путем применения скидки и купона согласно условиям сделкиываются путем применения скидки и купона согласно условиям сделкиываются путем применения скидки и купона согласно условиям сделкиываются путем применения скидки и купона согласно условиям сделкиываются путем применения скидки и купона согласно условиям сделкиываются путем применения скидки и купона согласно условиям сделкиываются путем применения скидки и купона согласно условиям сделкиываются путем применения скидки и купона согласно условиям сделкиываются путем применения скидки и купона согласно условиям сделкиываются путем применения скидки и купона согласно условиям сделкиываются путем применения скидки и купона согласно условиям сделкиываются путем применения скидки и купона согласно условиям сделкиываются путем применения скидки и", "numeric_answer": null, "relative_error": null, "thinking_text": null, "has_tool_call": false, "tool_call": null, "usage": {"prompt_tokens": 158, "completion_tokens": 256, "total_tokens": 414, "token_count_source": "tokenizer"}, "decoding": {"temperature": 0.2, "top_p": null, "top_k": null, "max_tokens": 256, "seed": 42}, "prompt_tokens": 158, "completion_tokens": 256, "total_tokens": 414, "token_count_source": "tokenizer", "diffusion_steps": null, "flops_estimate": null, "flops_arch": null, "flops_model_params": null, "flops_active_params": null, "tokens_non_final": 158, "tokens_reasoning": 0, "tokens_response": 158, "elapsed_seconds": 18.706080675125122, "judgement": "Uncategorized"}
{"id": "discounts_001803", "topic": "discounts", "subtopic": "stacked", "prompt": "Stacked deal: 20% off, then $5 coupon if you spend $30 or more. Cart: $33.03, $6.30, $5.14, $29.72. About how much do you pay?", "exact_value": 54.35, "model": "tiiuae/Falcon-H1-7B-Instruct", "provider": "transformers", "response": "Finalются примерно путем применения скидки и купона согласно условиям сделкиываются путем применения скидки и купона согласно условиям сделкиются путем применения скидки и купона согласно условиям сделкиываются путем применения скидки и купона согласно условиям сделкиываются путем применения скидки и купона согласно условиям сделкиываются путем применения скидки и купона согласно условиям сделкиываются путем применения скидки и купона согласно условиям сделкиываются путем применения скидки и купона согласно условиям сделкиываются путем применения скидки и купона согласно условиям сделкиываются путем применения скидки и купона согласно условиям сделкиываются путем применения скидки и купона согласно условиям сделкиываются путем применения скидки и купона согласно условиям сделкиываются путем применения скидки и купона согласно условиям сделкиываются путем применения скидки и купона согласно условиям сделкиываются путем применения скидки и купона согласно условиям сделкиываются путем применения скидки и купона согласно условиям сделкиываются путем применения скидки и купона согласно условиям сделкиываются путем применения скидки и купона согласно условиям сделкиываются путем применения скидки и купона согласно условиям сделкиываются путем применения скидки и", "numeric_answer": null, "relative_error": null, "thinking_text": null, "has_tool_call": false, "tool_call": null, "usage": {"prompt_tokens": 141, "completion_tokens": 256, "total_tokens": 397, "token_count_source": "tokenizer"}, "decoding": {"temperature": 0.2, "top_p": null, "top_k": null, "max_tokens": 256, "seed": 42}, "prompt_tokens": 141, "completion_tokens": 256, "total_tokens": 397, "token_count_source": "tokenizer", "diffusion_steps": null, "flops_estimate": null, "flops_arch": null, "flops_model_params": null, "flops_active_params": null, "tokens_non_final": 158, "tokens_reasoning": 0, "tokens_response": 158, "elapsed_seconds": 18.655869722366333, "judgement": "Uncategorized"}
{"id": "discounts_001823", "topic": "discounts", "subtopic": "bogo", "prompt": "BOGO sale (buy one, get one free; free item is the cheaper one in each pair). Items: $12.69, $12.41, $11.69, $9.51. About how much do you pay?", "exact_value": 24.38, "model": "tiiuae/Falcon-H1-7B-Instruct", "provider": "transformers", "response": "Finalются примерно путем сопоставления каждого пары товаров и выбора более дешевого для получения бесплатного товара согласно правилу акции BOGOются примерно путем сопоставления каждой пары товаров и получения более дешевого товара бесплатно согласно правилу акцииются примерно путем сопоставления каждой пары товаров и получения более дешевого товара бесплатно согласно правилу акцииются примерно путем сопоставления каждой пары товаров и получения более дешевого товара бесплатно согласно правилу акцииются примерно путем сопоставления каждой пары товаров и получения более дешевого товара бесплатно согласно правилу акцииются примерно путем сопоставления каждой пары товаров и получения более дешевого товара бесплатно согласно правилу акцииются примерно путем сопоставления каждой пары товаров и получения более дешевого товара бесплатно согласно правилу акцииются примерно путем сопоставления каждой пары товаров и получения более дешевого товара бесплатно согласно правилу акцииются примерно путем сопоставления каждой пары товаров и получения более дешевого товара бесплатно согласно правилу акцииываются примерно путем сопоставления каждой пары товаров и получения более дешевого товара бесплатно согласно правилу акцииываются примерно путем сопоставления каждой пары товаров и получения более дешевого товара бесплатно согласно правилу акцииываются примерно путем сопоставления каждой", "numeric_answer": null, "relative_error": null, "thinking_text": null, "has_tool_call": false, "tool_call": null, "usage": {"prompt_tokens": 139, "completion_tokens": 256, "total_tokens": 395, "token_count_source": "tokenizer"}, "decoding": {"temperature": 0.2, "top_p": null, "top_k": null, "max_tokens": 256, "seed": 42}, "prompt_tokens": 139, "completion_tokens": 256, "total_tokens": 395, "token_count_source": "tokenizer", "diffusion_steps": null, "flops_estimate": null, "flops_arch": null, "flops_model_params": null, "flops_active_params": null, "tokens_non_final": 173, "tokens_reasoning": 0, "tokens_response": 173, "elapsed_seconds": 18.75064992904663, "judgement": "Uncategorized"}
{"id": "discounts_001843", "topic": "discounts", "subtopic": "buy_n_get_m", "prompt": "Buy 4 get 2 free on items priced $5.69 each. You take 7 total. About how much do you pay?", "exact_value": 28.45, "model": "tiiuae/Falcon-H1-7B-Instruct", "provider": "transformers", "response": "Finalются примерно путем подсчета стоимости приобретенных и полученных бесплатно позиций согласно предложениюются акцииютсяываютсяываютсяываютсяываютсяываютсяываютсяываютсяываютсяываютсяываютсяываютсяываютсяываютсяываютсяываютсяываютсяываютсяываютсяываютсяываютсяываютсяываютсяываютсяываютсяываютсяываютсяываютсяываютсяываютсяываютсяываютсяываютсяываютсяываютсяываютсяываютсяываютсяываютсяываютсяываютсяываютсяываютсяываютсяываютсяываютсяываютсяываютсяываютсяываютсяываютсяываютсяываютсяываютсяываютсяываютсяываютсяываютсяываютсяываютсяываютсяываютсяываютсяываютсяываютсяываютсяываютсяываютсяываютсяываютсяываютсяываютсяываютсяываютсяываютсяываютсяываютсяываютсяываютсяываютсяываютсяываютсяываютсяываютсяываютсяываютсяываютсяываютсяываютсяываютсяываютсяываютсяываютсяываютсяываютсяываютсяываютсяываютсяываютсяываютсяываютсяываютсяываютсяываютсяываютсяываютсяываютсяываютсяываютсяываютсяываютсяываютсяываютсяываютсяываютсяываютсяываютсяываютсяываютсяываютсяываютсяываютсяываютсяываютсяываютсяываютсяываютсяываютсяываютсяываютсяываютсяываютсяываютсяываютсяываютсяываютсяываютсяываютсяываютсяываютсяываютсяываютсяываютсяываютсяываютсяываютсяываютсяываютсяываютсяываютсяываютсяываютсяываютсяываютсяываютсяываютсяываютсяываютсяываютсяываютсяываютсяываютсяываютсяываютсяываютсяываютсяываютсяываютсяываютсяываютсяываютсяываютсяываютсяываютсяываютсяываютсяываютсяываютсяываютсяываютсяываютсяываютсяываютсяываютсяываютсяываютсяываютсяываютсяываютсяываютсяываютсяываютсяываютсяываютсяываютсяываютсяываютсяываютсяываютсяываютсяываютсяываютсяываютсяываютсяываютсяываютсяываютсяываютсяываютсяываютсяываютсяываютсяываютсяываютсяываютсяываютсяываютсяываютсяываютсяываютсяываютсяываютсяываютсяываютсяываютсяываютсяываютсяываютсяываютсяываютсяываютсяываютсяываютсяываютсяываются", "numeric_answer": null, "relative_error": null, "thinking_text": null, "has_tool_call": false, "tool_call": null, "usage": {"prompt_tokens": 108, "completion_tokens": 256, "total_tokens": 364, "token_count_source": "tokenizer"}, "decoding": {"temperature": 0.2, "top_p": null, "top_k": null, "max_tokens": 256, "seed": 42}, "prompt_tokens": 108, "completion_tokens": 256, "total_tokens": 364, "token_count_source": "tokenizer", "diffusion_steps": null, "flops_estimate": null, "flops_arch": null, "flops_model_params": null, "flops_active_params": null, "tokens_non_final": 13, "tokens_reasoning": 0, "tokens_response": 13, "elapsed_seconds": 18.401564836502075, "judgement": "Uncategorized"}
{"id": "discounts_001863", "topic": "discounts", "subtopic": "percent", "prompt": "Cart: $49.70, $10.83, $19.81, $44.58. A 20% discount applies to everything. About how much do you pay?", "exact_value": 99.94, "model": "tiiuae/Falcon-H1-7B-Instruct", "provider": "transformers", "response": "Finalются примерно путем применения скидки примерно примерно примерно примерно примерно примерно примерно примерно примерно примерно примерно примерно примерно примерно примерно примерно примерно примерно примерно примерно примерно примерно примерно примерно примерно примерно примерно примерно примерно примерно примерно примерно примерно примерно примерно примерно примерно примерно примерно примерно примерно примерно примерно примерно примерно примерно примерно примерно примерно примерно примерно примерно примерно примерно примерно примерно примерно примерно примерно примерно примерно примерно примерно примерно примерно примерно примерно примерно примерно примерно примерно примерно примерно примерно примерно примерно примерно примерно примерно примерно примерно примерно примерно примерно примерно примерно примерно примерно примерно примерно примерно примерно примерно примерно примерно примерно примерно примерно примерно примерно примерно примерно примерно примерно примерно примерно примерно примерно примерно примерно примерно примерно примерно примерно примерно примерно примерно примерно примерно примерно примерно примерно примерно примерно примерно примерно примерно примерно примерно примерно примерно примерно примерно примерно примерно примерно примерно примерно примерно примерно примерно примерно примерно примерно примерно примерно примерно примерно примерно примерно примерно примерно примерно примерно примерно примерно примерно примерно примерно примерно примерно примерно примерно примерно примерно примерно примерно примерно примерно примерно примерно примерно примерно примерно примерно примерно примерно примерно примерно примерно примерно примерно примерно примерно примерно примерно примерно примерно примерно примерно примерно примерно примерно примерно примерно примерно примерно примерно примерно примерно примерно примерно примерно примерно примерно примерно примерно примерно примерно примерно примерно примерно примерно примерно примерно примерно примерно примерно примерно примерно примерно примерно примерно примерно примерно примерно примерно примерно примерно примерно примерно примерно примерно примерно примерно примерно примерно примерно примерно примерно примерно примерно примерно примерно примерно примерно примерно примерно", "numeric_answer": null, "relative_error": null, "thinking_text": null, "has_tool_call": false, "tool_call": null, "usage": {"prompt_tokens": 128, "completion_tokens": 256, "total_tokens": 384, "token_count_source": "tokenizer"}, "decoding": {"temperature": 0.2, "top_p": null, "top_k": null, "max_tokens": 256, "seed": 42}, "prompt_tokens": 128, "completion_tokens": 256, "total_tokens": 384, "token_count_source": "tokenizer", "diffusion_steps": null, "flops_estimate": null, "flops_arch": null, "flops_model_params": null, "flops_active_params": null, "tokens_non_final": 253, "tokens_reasoning": 0, "tokens_response": 253, "elapsed_seconds": 18.269086122512817, "judgement": "Uncategorized"}
{"id": "taxes_000125", "topic": "taxes", "subtopic": "pre_discount_tax", "prompt": "Cart: $17.54, $53.38, $24.54, $55.21. Local sales tax is 6.0% (tax calculated before discount). About how much is the total?", "exact_value": 159.71, "model": "tiiuae/Falcon-H1-7B-Instruct", "provider": "transformers", "response": "Finalются примерно путем суммы стоимости позиций плюс налог плюс скидку примерно так примерно так примерно так примерно так примерно так примерно так примерно так примерно так примерно так примерно так примерно так примерно так примерно так примерно так примерно так примерно так примерно так примерно так примерно так примерно так примерно так примерно так примерно так примерно так примерно так примерно так примерно так примерно так примерно так примерно так примерно так примерно так примерно так примерно так примерно так примерно так примерно так примерно так примерно так примерно так примерно так примерно так примерно так примерно так примерно так примерно так примерно так примерно так примерно так примерно так примерно так примерно так примерно так примерно так примерно так примерно так примерно так примерно так примерно так примерно так примерно так примерно так примерно так примерно так примерно так примерно так примерно так примерно так примерно так примерно так примерно так примерно так примерно так примерно так примерно так примерно так примерно так примерно так примерно так примерно так примерно так примерно так примерно так примерно так примерно так примерно так примерно так примерно так примерно так примерно так примерно так примерно так примерно так примерно так примерно так примерно так примерно так примерно так примерно так примерно так примерно так примерно так примерно так примерно так примерно так примерно так примерно так примерно так примерно так примерно так примерно так примерно так примерно так примерно так примерно так примерно так примерно так примерно так примерно так примерно так примерно так", "numeric_answer": null, "relative_error": null, "thinking_text": null, "has_tool_call": false, "tool_call": null, "usage": {"prompt_tokens": 134, "completion_tokens": 256, "total_tokens": 390, "token_count_source": "tokenizer"}, "decoding": {"temperature": 0.2, "top_p": null, "top_k": null, "max_tokens": 256, "seed": 42}, "prompt_tokens": 134, "completion_tokens": 256, "total_tokens": 390, "token_count_source": "tokenizer", "diffusion_steps": null, "flops_estimate": null, "flops_arch": null, "flops_model_params": null, "flops_active_params": null, "tokens_non_final": 252, "tokens_reasoning": 0, "tokens_response": 252, "elapsed_seconds": 18.366756200790405, "judgement": "Uncategorized"}
{"id": "taxes_000145", "topic": "taxes", "subtopic": "post_discount_tax", "prompt": "Cart: $18.69, $24.12, $48.37 with a 15% store discount. Local sales tax is 8.5% (tax after discount). About how much is the total?", "exact_value": 84.09, "model": "tiiuae/Falcon-H1-7B-Instruct", "provider": "transformers", "response": "Finalются примерно путем применения скидки и налога к стоимости каждого товара в корзине согласно следующему плану:ются сначала применяются скидки к стоимости каждого товараываются путем уменьшения стоимости на процент скидкиываются путем уменьшения стоимости путем умножения на процент скидкиываются путем умножения стоимости на коэфициент скидкиываются путем умножения стоимости на коэфициент скидкиываются путем умножения стоимости на коэфициентываются путем умножения стоимостиются путем умножения стоимостиются путем умножения стоимостиются путем умножения стоимостиются путем умножения стоимостиются путем умножения стоимостиются путем умножения стоимостиются путем умножения стоимостиются путем умножения стоимостиются путем умножения стоимостиются путем умножения стоимостиются путем умножения стоимостиются путем умножения стоимостиются путем умножения стоимостиются путем умножения стоимостиются путем умножения стоимостиются путем умножения стоимостиются путем умножения стоимостиются путем умножения стоимостиются путем умножения стоимостиются путем умножения стоимостиются путем умн", "numeric_answer": null, "relative_error": null, "thinking_text": null, "has_tool_call": false, "tool_call": null, "usage": {"prompt_tokens": 133, "completion_tokens": 256, "total_tokens": 389, "token_count_source": "tokenizer"}, "decoding": {"temperature": 0.2, "top_p": null, "top_k": null, "max_tokens": 256, "seed": 42}, "prompt_tokens": 133, "completion_tokens": 256, "total_tokens": 389, "token_count_source": "tokenizer", "diffusion_steps": null, "flops_estimate": null, "flops_arch": null, "flops_model_params": null, "flops_active_params": null, "tokens_non_final": 119, "tokens_reasoning": 0, "tokens_response": 119, "elapsed_seconds": 18.4052574634552, "judgement": "Uncategorized"}
{"id": "taxes_000165", "topic": "taxes", "subtopic": "post_discount_tax", "prompt": "Cart: $36.35, $28.85, $37.41, $21.33. Local sales tax is 7.0% (tax after discount). About how much is the total?", "exact_value": 132.62, "model": "tiiuae/Falcon-H1-7B-Instruct", "provider": "transformers", "response": "Finalются примерно путем суммы стоимости товаров плюс налог на продажах примерно примерно примерно примерно примерно примерно примерно примерно примерно примерно примерно примерно примерно примерно примерно примерно примерно примерно примерно примерно примерно примерно примерно примерно примерно примерно примерно примерно примерно примерно примерно примерно примерно примерно примерно примерно примерно примерно примерно примерно примерно примерно примерно примерно примерно примерно примерно примерно примерно примерно примерно примерно примерно примерно примерно примерно примерно примерно примерно примерно примерно примерно примерно примерно примерно примерно примерно примерно примерно примерно примерно примерно примерно примерно примерно примерно примерно примерно примерно примерно примерно примерно примерно примерно примерно примерно примерно примерно примерно примерно примерно примерно примерно примерно примерно примерно примерно примерно примерно примерно примерно примерно примерно примерно примерно примерно примерно примерно примерно примерно примерно примерно примерно примерно примерно примерно примерно примерно примерно примерно примерно примерно примерно примерно примерно примерно примерно примерно примерно примерно примерно примерно примерно примерно примерно примерно примерно примерно примерно примерно примерно примерно примерно примерно примерно примерно примерно примерно примерно примерно примерно примерно примерно примерно примерно примерно примерно примерно примерно примерно примерно примерно примерно примерно примерно примерно примерно примерно примерно примерно примерно примерно примерно примерно примерно примерно примерно примерно примерно примерно примерно примерно примерно примерно примерно примерно примерно примерно примерно примерно примерно примерно примерно примерно примерно примерно примерно примерно примерно примерно примерно примерно примерно примерно примерно примерно примерно примерно примерно примерно примерно примерно примерно примерно примерно примерно примерно примерно примерно примерно примерно примерно примерно примерно примерно примерно примерно примерно примерно примерно примерно примерно примерно примерно примерно примерно примерно примерно примерно примерно примерно примерно примерно примерно", "numeric_answer": null, "relative_error": null, "thinking_text": null, "has_tool_call": false, "tool_call": null, "usage": {"prompt_tokens": 133, "completion_tokens": 256, "total_tokens": 389, "token_count_source": "tokenizer"}, "decoding": {"temperature": 0.2, "top_p": null, "top_k": null, "max_tokens": 256, "seed": 42}, "prompt_tokens": 133, "completion_tokens": 256, "total_tokens": 389, "token_count_source": "tokenizer", "diffusion_steps": null, "flops_estimate": null, "flops_arch": null, "flops_model_params": null, "flops_active_params": null, "tokens_non_final": 254, "tokens_reasoning": 0, "tokens_response": 254, "elapsed_seconds": 18.35895872116089, "judgement": "Uncategorized"}
{"id": "taxes_000185", "topic": "taxes", "subtopic": "post_discount_tax", "prompt": "Cart: $39.06, $55.17, $5.30 with a 10% store discount. Local sales tax is 8.5% (tax after discount). About how much is the total?", "exact_value": 97.19, "model": "tiiuae/Falcon-H1-7B-Instruct", "provider": "transformers", "response": "Finalются примерно путем суммирования стоимости всех позиций в корзине и применения скидки и налога согласно условиям задачиются примерно путем суммирования стоимости всех позиций в корзине и применения скидки и налога согласно условиям задачиются примерно путем суммирования стоимости всех позиций в корзине и применения скидки и налога согласно условиям задачиются примерно путем суммирования стоимости всех позиций в корзине и применения скидки и налога согласно условиям задачиются примерно путем суммирования стоимости всех позиций в корзине и применения скидки и налога согласно условиям задачиются примерно путем суммирования стоимости всех позиций в корзине и применения скидки и налога согласно условиям задачиются примерно путем суммирования стоимости всех позицийются примерно путем суммирования стоимости всех позицийются примерно путем суммирования стоимости всех позицийются примерно путем суммирования стоимости всех позицийются примерно путем суммирования стоимости всех позицийются примерно путем суммирования стоимости всех позицийются примерно путем суммирования стоимости всех позицийются примерно путем суммирования стоимости всех позицийются примерно путем суммирования стоимости всех позицийются примерно путем суммирования стоимости всех пози", "numeric_answer": null, "relative_error": null, "thinking_text": null, "has_tool_call": false, "tool_call": null, "usage": {"prompt_tokens": 132, "completion_tokens": 256, "total_tokens": 388, "token_count_source": "tokenizer"}, "decoding": {"temperature": 0.2, "top_p": null, "top_k": null, "max_tokens": 256, "seed": 42}, "prompt_tokens": 132, "completion_tokens": 256, "total_tokens": 388, "token_count_source": "tokenizer", "diffusion_steps": null, "flops_estimate": null, "flops_arch": null, "flops_model_params": null, "flops_active_params": null, "tokens_non_final": 157, "tokens_reasoning": 0, "tokens_response": 157, "elapsed_seconds": 18.37813138961792, "judgement": "Uncategorized"}
{"id": "taxes_000205", "topic": "taxes", "subtopic": "post_discount_tax", "prompt": "Cart: $32.18, $47.34 with a 15% store discount. Local sales tax is 7.5% (tax after discount). About how much is the total?", "exact_value": 72.66, "model": "tiiuae/Falcon-H1-7B-Instruct", "provider": "transformers", "response": "Finalются примерно путем применения скидки и налога к стоимости товаров согласно следующему плану:ются сначала применяется скидка к стоимости каждого товараются путем уменьшения стоимости на процент скидываются путем умножения стоимостиются путем умножения стоимостиются путем умножения стоимостиются путем умножения стоимостиются путем умножения стоимостиются путем умножения стоимостиются путем умножения стоимостиются путем умножения стоимостиются путем умножения стоимостиются путем умножения стоимостиются путем умножения стоимостиются путем умножения стоимостиются путем умножения стоимостиются путем умножения стоимостиются путем умножения стоимостиются путем умножения стоимостиются путем умножения стоимостиются путем умножения стоимостиются путем умножения стоимостиются путем умножения стоимостиются путем умножения стоимостиются путем умножения стоимостиются путем умножения стоимостиются путем умножения стоимостиются путемются путемются путемются путемются путемутся путемются путемутся путемутся путемутся путемутся путемутся путемутся путемутся путемутся путемутся путемутся путемутся путемутся путемутся путемутся путемутся путемутся путемутся", "numeric_answer": null, "relative_error": null, "thinking_text": null, "has_tool_call": false, "tool_call": null, "usage": {"prompt_tokens": 125, "completion_tokens": 256, "total_tokens": 381, "token_count_source": "tokenizer"}, "decoding": {"temperature": 0.2, "top_p": null, "top_k": null, "max_tokens": 256, "seed": 42}, "prompt_tokens": 125, "completion_tokens": 256, "total_tokens": 381, "token_count_source": "tokenizer", "diffusion_steps": null, "flops_estimate": null, "flops_arch": null, "flops_model_params": null, "flops_active_params": null, "tokens_non_final": 121, "tokens_reasoning": 0, "tokens_response": 121, "elapsed_seconds": 18.426904916763306, "judgement": "Uncategorized"}
{"id": "taxes_000225", "topic": "taxes", "subtopic": "pre_discount_tax", "prompt": "Cart: $46.98, $51.52 with a 20% store discount. Local sales tax is 7.0% (tax calculated before discount). About how much is the total?", "exact_value": 85.7, "model": "tiiuae/Falcon-H1-7B-Instruct", "provider": "transformers", "response": "Finalютсяываютсяываютсяываютсяываютсяываютсяываютсяываютсяываютсяываютсяываютсяываютсяываютсяываютсяываютсяываютсяываютсяываютсяываютсяываютсяываютсяываютсяываютсяываютсяываютсяываютсяываютсяываютсяываютсяываютсяываютсяываютсяываютсяываютсяываютсяываютсяываютсяываютсяываютсяываютсяываютсяываютсяываютсяываютсяываютсяываютсяываютсяываютсяываютсяываютсяываютсяываютсяываютсяываютсяываютсяываютсяываютсяываютсяываютсяываютсяываютсяываютсяываютсяываютсяываютсяываютсяываютсяываютсяываютсяываютсяываютсяываютсяываютсяываютсяываютсяываютсяываютсяываютсяываютсяываютсяываютсяываютсяываютсяываютсяываютсяываютсяываютсяываютсяываютсяываютсяываютсяываютсяываютсяываютсяываютсяываютсяываютсяываютсяываютсяываютсяываютсяываютсяываютсяываютсяываютсяываютсяываютсяываютсяываютсяываютсяываютсяываютсяываютсяываютсяываютсяываютсяываютсяываютсяываютсяываютсяываютсяываютсяываютсяываютсяываютсяываютсяываютсяываютсяываютсяываютсяываютсяываютсяываютсяываютсяываютсяываютсяываютсяываютсяываютсяываютсяываютсяываютсяываютсяываютсяываютсяываютсяываютсяываютсяываютсяываютсяываютсяываютсяываютсяываютсяываютсяываютсяываютсяываютсяываютсяываютсяываютсяываютсяываютсяываютсяываютсяываютсяываютсяываютсяываютсяываютсяываютсяываютсяываютсяываютсяываютсяываютсяываютсяываютсяываютсяываютсяываютсяываютсяываютсяываютсяываютсяываютсяываютсяываютсяываютсяываютсяываютсяываютсяываютсяываютсяываютсяываютсяываютсяываютсяываютсяываютсяываютсяываютсяываютсяываютсяываютсяываютсяываютсяываютсяываютсяываютсяываютсяываютсяываютсяываютсяываютсяываютсяываютсяываютсяываютсяываютсяываютсяываютсяываютсяываютсяываютсяываютсяываютсяываютсяываютсяываютсяываютсяываютсяываютсяываютсяываютсяываютсяываютсяываютсяываютсяываютсяываютсяываютсяываютсяываютсяываютсяываютсяываютсяываютсяываютсяываютсяываютсяываютсяываютсяываютсяываются", "numeric_answer": null, "relative_error": null, "thinking_text": null, "has_tool_call": false, "tool_call": null, "usage": {"prompt_tokens": 126, "completion_tokens": 256, "total_tokens": 382, "token_count_source": "tokenizer"}, "decoding": {"temperature": 0.2, "top_p": null, "top_k": null, "max_tokens": 256, "seed": 42}, "prompt_tokens": 126, "completion_tokens": 256, "total_tokens": 382, "token_count_source": "tokenizer", "diffusion_steps": null, "flops_estimate": null, "flops_arch": null, "flops_model_params": null, "flops_active_params": null, "tokens_non_final": 1, "tokens_reasoning": 0, "tokens_response": 1, "elapsed_seconds": 18.34300470352173, "judgement": "Uncategorized"}
{"id": "taxes_000245", "topic": "taxes", "subtopic": "post_discount_tax", "prompt": "Cart: $7.93, $42.44 with a 20% store discount. Local sales tax is 8.5% (tax after discount). About how much is the total?", "exact_value": 43.72, "model": "tiiuae/Falcon-H1-7B-Instruct", "provider": "transformers", "response": "Finalютсяываютсяываютсяываютсяываютсяываютсяываютсяываютсяываютсяываютсяываютсяываютсяываютсяываютсяываютсяываютсяываютсяываютсяываютсяываютсяываютсяываютсяываютсяываютсяываютсяываютсяываютсяываютсяываютсяываютсяываютсяываютсяываютсяываютсяываютсяываютсяываютсяываютсяываютсяываютсяываютсяываютсяываютсяываютсяываютсяываютсяываютсяываютсяываютсяываютсяываютсяываютсяываютсяываютсяываютсяываютсяываютсяываютсяываютсяываютсяываютсяываютсяываютсяываютсяываютсяываютсяываютсяываютсяываютсяываютсяываютсяываютсяываютсяываютсяываютсяываютсяываютсяываютсяываютсяываютсяываютсяываютсяываютсяываютсяываютсяываютсяываютсяываютсяываютсяываютсяываютсяываютсяываютсяываютсяываютсяываютсяываютсяываютсяываютсяываютсяываютсяываютсяываютсяываютсяываютсяываютсяываютсяываютсяываютсяываютсяываютсяываютсяываютсяываютсяываютсяываютсяываютсяываютсяываютсяываютсяываютсяываютсяываютсяываютсяываютсяываютсяываютсяываютсяываютсяываютсяываютсяываютсяываютсяываютсяываютсяываютсяываютсяываютсяываютсяываютсяываютсяываютсяываютсяываютсяываютсяываютсяываютсяываютсяываютсяываютсяываютсяываютсяываютсяываютсяываютсяываютсяываютсяываютсяываютсяываютсяываютсяываютсяываютсяываютсяываютсяываютсяываютсяываютсяываютсяываютсяываютсяываютсяываютсяываютсяываютсяываютсяываютсяываютсяываютсяываютсяываютсяываютсяываютсяываютсяываютсяываютсяываютсяываютсяываютсяываютсяываютсяываютсяываютсяываютсяываютсяываютсяываютсяываютсяываютсяываютсяываютсяываютсяываютсяываютсяываютсяываютсяываютсяываютсяываютсяываютсяываютсяываютсяываютсяываютсяываютсяываютсяываютсяываютсяываютсяываютсяываютсяываютсяываютсяываютсяываютсяываютсяываютсяываютсяываютсяываютсяываютсяываютсяываютсяываютсяываютсяываютсяываютсяываютсяываютсяываютсяываютсяываютсяываютсяываютсяываютсяываютсяываютсяываютсяываютсяываютсяываютсяываютсяываютсяываютсяываются", "numeric_answer": null, "relative_error": null, "thinking_text": null, "has_tool_call": false, "tool_call": null, "usage": {"prompt_tokens": 124, "completion_tokens": 256, "total_tokens": 380, "token_count_source": "tokenizer"}, "decoding": {"temperature": 0.2, "top_p": null, "top_k": null, "max_tokens": 256, "seed": 42}, "prompt_tokens": 124, "completion_tokens": 256, "total_tokens": 380, "token_count_source": "tokenizer", "diffusion_steps": null, "flops_estimate": null, "flops_arch": null, "flops_model_params": null, "flops_active_params": null, "tokens_non_final": 1, "tokens_reasoning": 0, "tokens_response": 1, "elapsed_seconds": 18.329352855682373, "judgement": "Uncategorized"}
{"id": "taxes_000265", "topic": "taxes", "subtopic": "pre_discount_tax", "prompt": "Cart: $49.77, $52.43 with a 15% store discount. Local sales tax is 7.0% (tax calculated before discount). About how much is the total?", "exact_value": 94.02, "model": "tiiuae/Falcon-H1-7B-Instruct", "provider": "transformers", "response": "Finalются примерно путем следования этим шагам:ются примерно путем следования этим шагамются примерно путем следования этим шагамются примерно путем следования этим шагамются примерно путем следования этим шагамются примерно путем следования этим шагамются примерно путем следования этим шагамются примерно путем следования этим шагамются примерно путем следования этим шагамются примерно путем следования этим шагамются примерно путем следования этим шагамются примерно путем следования этим шагамются примерно путем следования этим шагамются примерно путем следования этим шагамются примерно путем следования этим шагамются примерно путем следования этим шагамются примерно путем следования этим шагамются примерно путем следования этим шагамются примерно путем следования этим шагамются примерно путем следования этим шагамются примерно путем следования этим шагамются примерно путем следования этим шагамются примерно путем следования этим шагамются примерно путем следования этим шагамются примерно путем следования этим шагамются примерно путем следования этим шагамются примерно путем следования этим шагамются примерно путем следования этим шагамются примерно путем следования этим шагамются примерно путем следования этим шагамются примерно путем следования этим шагамются примерно путем следования этим", "numeric_answer": null, "relative_error": null, "thinking_text": null, "has_tool_call": false, "tool_call": null, "usage": {"prompt_tokens": 126, "completion_tokens": 256, "total_tokens": 382, "token_count_source": "tokenizer"}, "decoding": {"temperature": 0.2, "top_p": null, "top_k": null, "max_tokens": 256, "seed": 42}, "prompt_tokens": 126, "completion_tokens": 256, "total_tokens": 382, "token_count_source": "tokenizer", "diffusion_steps": null, "flops_estimate": null, "flops_arch": null, "flops_model_params": null, "flops_active_params": null, "tokens_non_final": 160, "tokens_reasoning": 0, "tokens_response": 160, "elapsed_seconds": 18.311761617660522, "judgement": "Uncategorized"}
{"id": "taxes_000285", "topic": "taxes", "subtopic": "pre_discount_tax", "prompt": "Cart: $55.10, $57.04, $26.06. Local sales tax is 8.0% (tax calculated before discount). About how much is the total?", "exact_value": 149.26, "model": "tiiuae/Falcon-H1-7B-Instruct", "provider": "transformers", "response": "Finalются примерно путем суммирования стоимости позиций и применения налога на месте перед скидкойются примерно путем суммирования стоимости позиций и применения налога на месте перед скидкойются примерно путем суммирования стоимости позиций и применения налогаются примерно путем суммирования стоимости позиций и применения налогаются примерно путем суммирования стоимости позиций и применения налогываются примерно путем суммирования стоимости позицийются примерно путем суммирования стоимости позицийются примерно путем суммирования стоимости позицийываются примерно путем суммирования стоимости позицийываются примерно путем суммирования стоимости позицийываются примерно путем суммирования стоимости позицийываются примерно путем суммирования стоимости позицийываются примерно путем суммирования стоимости позицийываются примерно путем суммирования стоимости позицийываются примерно путем суммирования стоимости позицийываются примерно путем суммирования стоимости позицийываются примерно путем суммирования стоимости позицийываются примерно путем суммирования стоимости позицийываются примерно путем суммирования стоимости позицийываются примерно путем суммирования стоимости позицийываются примерно путем суммирования стоимости позицийываются примерно путем суммирования стоимости позицийываются примерно путем суммирования стоимости позицийываются примерно путем суммирования стоимости позицийываются примерно путем суммирования стоимости пози", "numeric_answer": null, "relative_error": null, "thinking_text": null, "has_tool_call": false, "tool_call": null, "usage": {"prompt_tokens": 126, "completion_tokens": 256, "total_tokens": 382, "token_count_source": "tokenizer"}, "decoding": {"temperature": 0.2, "top_p": null, "top_k": null, "max_tokens": 256, "seed": 42}, "prompt_tokens": 126, "completion_tokens": 256, "total_tokens": 382, "token_count_source": "tokenizer", "diffusion_steps": null, "flops_estimate": null, "flops_arch": null, "flops_model_params": null, "flops_active_params": null, "tokens_non_final": 149, "tokens_reasoning": 0, "tokens_response": 149, "elapsed_seconds": 18.31782054901123, "judgement": "Uncategorized"}
{"id": "taxes_000305", "topic": "taxes", "subtopic": "post_discount_tax", "prompt": "Cart: $11.77, $16.54, $39.43, $8.08 with a 15% store discount. Local sales tax is 8.0% (tax after discount). About how much is the total?", "exact_value": 69.6, "model": "tiiuae/Falcon-H1-7B-Instruct", "provider": "transformers", "response": "Finalются примерно путем вычисления суммы стоимости товаров после скидки и затем применения налога на месте продажи согласно следующему плану действийются примерно путем вычисления суммы стоимости товаров после скидкиются примерно путем вычисления суммы стоимостиются примерно путем вычисления суммы стоимостиются примерно путемются примерно путемются примерно путемываются примерно путемываются примерно путемываются примерно путемываются примерно путемются примерно путемются примерно путемются примерно путемются примерно путемются примерно путемются примерно путемются примерно путемются примерно путемются примерно путемются примерно путемются примерно путемются примерно путемются примерно путемются примерно путемются примерно путемются примерно путемются примерно путемются примерно путемются примерно путемются примерно путемются примерно путемются примерно путемются примерно путемются примерно путемются примерно путемются примерно путемются примерно путемются примерно путемются примерно путемются примерно путемются примерно путемются примерно путемются примерно путемются примерно путемются примерно путемются примерно путемются примерно путемются примерно путемются примерно путемются примерно путемются примерно путемются примерно путемются примерно путемются примерно путемются примерно путемются примерно путемются примерно путемются примерно путемются примерно путемются примерно путемются примерно путемются примерно путемются примерно путемются примерно путемются примерно путемются примерно путемются примерно путемются примерно путемются примерно путемются", "numeric_answer": null, "relative_error": null, "thinking_text": null, "has_tool_call": false, "tool_call": null, "usage": {"prompt_tokens": 140, "completion_tokens": 256, "total_tokens": 396, "token_count_source": "tokenizer"}, "decoding": {"temperature": 0.2, "top_p": null, "top_k": null, "max_tokens": 256, "seed": 42}, "prompt_tokens": 140, "completion_tokens": 256, "total_tokens": 396, "token_count_source": "tokenizer", "diffusion_steps": null, "flops_estimate": null, "flops_arch": null, "flops_model_params": null, "flops_active_params": null, "tokens_non_final": 170, "tokens_reasoning": 0, "tokens_response": 170, "elapsed_seconds": 18.263346433639526, "judgement": "Uncategorized"}
{"id": "taxes_000325", "topic": "taxes", "subtopic": "post_discount_tax", "prompt": "Cart: $39.73, $18.58, $45.77, $3.63, $35.20 with a 20% store discount. Local sales tax is 6.0% (tax after discount). About how much is the total?", "exact_value": 121.19, "model": "tiiuae/Falcon-H1-7B-Instruct", "provider": "transformers", "response": "Finalются примерно путем суммирования стоимости товаров и применения скидки и налога согласно условиям задачиются примерно путем суммирования стоимости товаров и применения скидки и налога согласно условиям задачиются примерно путем суммирования стоимости товаров и применения скидкиются примерно путем суммирования стоимости товаровются примерно путем суммирования стоимостиются примерно путем суммировываютсяываютсяываютсяываютсяываютсяываютсяываютсяываютсяываютсяываютсяываютсяываютсяываютсяываютсяываютсяываютсяываютсяываютсяываютсяываютсяываютсяываютсяываютсяываютсяываютсяываютсяываютсяываютсяываютсяываютсяываютсяываютсяываютсяываютсяываютсяываютсяываютсяываютсяываютсяываютсяываютсяываютсяываютсяываютсяываютсяываютсяываютсяываютсяываютсяываютсяываютсяываютсяываютсяываютсяываютсяываютсяываютсяываютсяываютсяываютсяываютсяываютсяываютсяываютсяываютсяываютсяываютсяываютсяываютсяываютсяываютсяываютсяываютсяываютсяываютсяываютсяываютсяываютсяываютсяываютсяываютсяываютсяываютсяываютсяываютсяываютсяываютсяываютсяываютсяываютсяываютсяываютсяываютсяываютсяываютсяываютсяываютсяываютсяываютсяываютсяываютсяываютсяываютсяываютсяываютсяываютсяываютсяываютсяываютсяываютсяываютсяываютсяываютсяываютсяываютсяываютсяываютсяываютсяываютсяываютсяываютсяываютсяываютсяываютсяываютсяываютсяываютсяываютсяываютсяываютсяываютсяываютсяываютсяываютсяываютсяываютсяываютсяываютсяываютсяываютсяываютсяываютсяываютсяываютсяываютсяываютсяываютсяываютсяываютсяываютсяываютсяываютсяываютсяываютсяываютсяываютсяываютсяываютсяываютсяываютсяываютсяываютсяываютсяываютсяываютсяываютсяываютсяываютсяываютсяываютсяываютсяываютсяываютсяываютсяываютсяываютсяываютсяываютсяываютсяываютсяываютсяываются", "numeric_answer": null, "relative_error": null, "thinking_text": null, "has_tool_call": false, "tool_call": null, "usage": {"prompt_tokens": 148, "completion_tokens": 256, "total_tokens": 404, "token_count_source": "tokenizer"}, "decoding": {"temperature": 0.2, "top_p": null, "top_k": null, "max_tokens": 256, "seed": 42}, "prompt_tokens": 148, "completion_tokens": 256, "total_tokens": 404, "token_count_source": "tokenizer", "diffusion_steps": null, "flops_estimate": null, "flops_arch": null, "flops_model_params": null, "flops_active_params": null, "tokens_non_final": 47, "tokens_reasoning": 0, "tokens_response": 47, "elapsed_seconds": 18.405609846115112, "judgement": "Uncategorized"}
{"id": "taxes_000345", "topic": "taxes", "subtopic": "post_discount_tax", "prompt": "Cart: $24.56, $46.80, $5.58, $29.56 with a 20% store discount. Local sales tax is 7.0% (tax after discount). About how much is the total?", "exact_value": 91.16, "model": "tiiuae/Falcon-H1-7B-Instruct", "provider": "transformers", "response": "Finalются примерно путем вычисления суммы стоимости товаров после скидки и затем применения налога на место продажи согласно следующему плану действийются примерно путем вычисления суммы стоимости товаров после скидкиются примерно путем вычисления суммы стоимостиются примерно путем вычисфикации стоимостиются примерно путемются примерно путемются примерно путемются примерно путемываются примерно путемываются примерно путемываются примерно путемются примерно путемются примерно путемются примерно путемются примерно путемются примерно путемются примерно путемются примерно путемются примерно путемются примерно путемются примерно путемются примерно путемются примерно путемются примерно путемются примерно путемются примерно путемются примерно путемются примерно путемются примерно путемются примерно путемются примерно путемются примерно путемются примерно путемются примерно путемются примерно путемются примерно путемются примерно путемются примерно путемются примерно путемются примерно путемются примерно путемются примерно путемются примерно путемются примерно путемются примерно путемются примерно путемются примерно путемются примерно путемются примерно путемются примерно путемются примерно путемются примерно путемются примерно путемются примерно путемются примерно путемются примерно путемются примерно путемются примерно путемются примерно путемются примерно путемются примерно путемются примерно путемются примерно путемются примерно путемются примерно путемются примерно путемются примерно путемются примерно путемются примерно путемются примерно путемются примерно", "numeric_answer": null, "relative_error": null, "thinking_text": null, "has_tool_call": false, "tool_call": null, "usage": {"prompt_tokens": 140, "completion_tokens": 256, "total_tokens": 396, "token_count_source": "tokenizer"}, "decoding": {"temperature": 0.2, "top_p": null, "top_k": null, "max_tokens": 256, "seed": 42}, "prompt_tokens": 140, "completion_tokens": 256, "total_tokens": 396, "token_count_source": "tokenizer", "diffusion_steps": null, "flops_estimate": null, "flops_arch": null, "flops_model_params": null, "flops_active_params": null, "tokens_non_final": 170, "tokens_reasoning": 0, "tokens_response": 170, "elapsed_seconds": 18.499659299850464, "judgement": "Uncategorized"}
{"id": "taxes_000365", "topic": "taxes", "subtopic": "pre_discount_tax", "prompt": "Cart: $25.08, $28.92, $32.37 with a 15% store discount. Local sales tax is 6.0% (tax calculated before discount). About how much is the total?", "exact_value": 78.6, "model": "tiiuae/Falcon-H1-7B-Instruct", "provider": "transformers", "response": "Finalются примерно путем следования этим шагам:ются примерно путем следования этим шагамются примерно путем следования этим шагамются примерно путем следования этим шагамются примерно путем следования этим шагамются примерно путем следования этим шагамются примерно путем следования этим шагамются примерно путем следования этим шагамются примерно путем следования этим шагамются примерно путем следования этим шагамются примерно путем следования этим шагамются примерно путем следования этим шагамются примерно путем следования этим шагамются примерно путем следования этим шагамются примерно путем следования этим шагамются примерно путем следования этим шагамются примерно путем следования этим шагамются примерно путем следования этим шагамются примерно путем следования этим шагамются примерно путем следования этим шагамются примерно путем следования этим шагамются примерно путем следования этим шагамются примерно путем следования этим шагамются примерно путем следования этим шагамются примерно путем следования этим шагамются примерно путем следования этим шагамются примерно путем следования этим шагамются примерно путем следования этим шагамются примерно путем следования этим шагамются примерно путем следования этим шагамются примерно путем следования этим шагамются примерно путем следования этим", "numeric_answer": null, "relative_error": null, "thinking_text": null, "has_tool_call": false, "tool_call": null, "usage": {"prompt_tokens": 134, "completion_tokens": 256, "total_tokens": 390, "token_count_source": "tokenizer"}, "decoding": {"temperature": 0.2, "top_p": null, "top_k": null, "max_tokens": 256, "seed": 42}, "prompt_tokens": 134, "completion_tokens": 256, "total_tokens": 390, "token_count_source": "tokenizer", "diffusion_steps": null, "flops_estimate": null, "flops_arch": null, "flops_model_params": null, "flops_active_params": null, "tokens_non_final": 160, "tokens_reasoning": 0, "tokens_response": 160, "elapsed_seconds": 18.443586587905884, "judgement": "Uncategorized"}
{"id": "taxes_000385", "topic": "taxes", "subtopic": "pre_discount_tax", "prompt": "Cart: $51.59, $30.61, $22.59, $17.83 with a 10% store discount. Local sales tax is 8.5% (tax calculated before discount). About how much is the total?", "exact_value": 120.78, "model": "tiiuae/Falcon-H1-7B-Instruct", "provider": "transformers", "response": "Finalются примерно путем суммирования стоимости всех позиций в корзине после расчета налога и до применения скидкиются примерно путем суммирования стоимости всех позиций в корзине после расчета налога и до применения скидкиются примерно путем суммирования стоимости всех позицийываются примерно путем суммирования стоимости всех позицийываются примерно путем суммирования стоимости всех позицийываются примерно путем суммирования стоимости всех позицийываются примерно путем суммирования стоимости всех позицийываются примерно путем суммирования стоимости всех позицийываются примерно путем суммирования стоимости всех позицийываются примерно путем суммирования стоимости всех позицийываются примерно путем суммирования стоимости всех позицийываются примерно путем суммирования стоимости всех позицийываются примерно путем суммирования стоимости всех позицийываются примерно путем суммирования стоимости всех позицийываются примерно путем суммирования стоимости всех позицийываются примерно путем суммирования стоимости всех позицийываются примерно путем суммирования стоимости всех позицийываются примерно путем суммирования стоимости всех позицийываются примерно путем суммирования стоимости всех позицийываются примерно путем суммирования стоимости всех позицийываются примерно путем суммирования стоимости всех позицийываются примерно путем суммирования стоимости всех позицийываются примерно путем суммиров", "numeric_answer": null, "relative_error": null, "thinking_text": null, "has_tool_call": false, "tool_call": null, "usage": {"prompt_tokens": 142, "completion_tokens": 256, "total_tokens": 398, "token_count_source": "tokenizer"}, "decoding": {"temperature": 0.2, "top_p": null, "top_k": null, "max_tokens": 256, "seed": 42}, "prompt_tokens": 142, "completion_tokens": 256, "total_tokens": 398, "token_count_source": "tokenizer", "diffusion_steps": null, "flops_estimate": null, "flops_arch": null, "flops_model_params": null, "flops_active_params": null, "tokens_non_final": 154, "tokens_reasoning": 0, "tokens_response": 154, "elapsed_seconds": 18.425349712371826, "judgement": "Uncategorized"}
{"id": "taxes_000405", "topic": "taxes", "subtopic": "pre_discount_tax", "prompt": "Cart: $53.39, $53.80, $28.30, $24.65, $5.80 with a 20% store discount. Local sales tax is 7.0% (tax calculated before discount). About how much is the total?", "exact_value": 144.37, "model": "tiiuae/Falcon-H1-7B-Instruct", "provider": "transformers", "response": "Finalются примерно путем последовательного применения скидки и налога к сумме корзины согласно следующему плану:ются сначала налогиываютсяются до стоимости корзиныываютсяютсяываютсяютсяываютсяютсяываютсяютсяываютсяютсяываютсяютсяываютсяютсяываютсяютсяываютсяютсяываютсяютсяываютсяютсяываютсяютсяываютсяютсяываютсяютсяываютсяютсяываютсяютсяываютсяютсяываютсяютсяываютсяютсяываютсяютсяываютсяютсяываютсяютсяываютсяютсяываютсяютсяываютсяютсяываютсяютсяываютсяютсяываютсяютсяываютсяютсяываютсяютсяываютсяютсяываютсяютсяываютсяютсяываютсяютсяываютсяютсяываютсяютсяываютсяютсяываютсяютсяываютсяютсяываютсяютсяываютсяютсяываютсяютсяываютсяютсяываютсяютсяываютсяютсяываютсяютсяываютсяютсяываютсяютсяываютсяютсяываютсяютсяываютсяютсяываютсяютсяываютсяютсяываютсяютсяываютсяютсяываютсяютсяываютсяютсяываютсяютсяываютсяютсяываютсяютсяываютсяютсяываютсяютсяываютсяютсяываютсяютсяываютсяютсяываютсяютсяываютсяютсяываютсяютсяываютсяютсяываютсяютсяываютсяютсяываютсяютсяываютсяютсяываютсяютсяываютсяютсяываютсяютсяываютсяютсяываютсяютсяываютсяютсяываютсяютсяываютсяютсяываютсяютсяываютсяютсяываютсяютсяываютсяютсяываютсяютсяываютсяютсяываютсяютсяываютсяютсяываютсяютсяываютсяютсяываютсяютсяываютсяютсяываютсяютсяываютсяютсяываютсяютсяываютсяютсяываютсяютсяываютсяютсяываютсяютсяываютсяютсяываютсяютсяываютсяютсяываютсяютсяываютсяютсяываютсяютсяываютсяютсяываютсяютсяываютсяютсяываютсяются", "numeric_answer": null, "relative_error": null, "thinking_text": null, "has_tool_call": false, "tool_call": null, "usage": {"prompt_tokens": 149, "completion_tokens": 256, "total_tokens": 405, "token_count_source": "tokenizer"}, "decoding": {"temperature": 0.2, "top_p": null, "top_k": null, "max_tokens": 256, "seed": 42}, "prompt_tokens": 149, "completion_tokens": 256, "total_tokens": 405, "token_count_source": "tokenizer", "diffusion_steps": null, "flops_estimate": null, "flops_arch": null, "flops_model_params": null, "flops_active_params": null, "tokens_non_final": 19, "tokens_reasoning": 0, "tokens_response": 19, "elapsed_seconds": 18.45730996131897, "judgement": "Uncategorized"}
{"id": "taxes_000425", "topic": "taxes", "subtopic": "post_discount_tax", "prompt": "Cart: $22.61, $7.97, $56.54, $11.80. Local sales tax is 7.0% (tax after discount). About how much is the total?", "exact_value": 105.84, "model": "tiiuae/Falcon-H1-7B-Instruct", "provider": "transformers", "response": "Finalются примерно путем суммирования стоимости всех позиций и затем прибавления налога примерно на ются примерно путем суммирования стоимости всех позиций и затем прибавления налога примерно наются примерно путем суммирования стоимости всех позиций и затем прибавления налога примерноются примерно путем суммирования стоимости всех позиций и затем прибавленияются примерно путем суммирования стоимости всех позиций и затем прибавленияются примерно путем суммирования стоимости всех позиций и затем прибавленияются примерно путем суммирования стоимости всех позиций и затем прибавленияются примерно путем суммирования стоимости всех позицийются примерно путем суммирования стоимости всех позицийются примерно путем суммирования стоимости всех позицийются примерно путем суммирования стоимостиются примерно путем суммирования стоимостиются примерно путем суммирования стоимостиются примерно путем суммирования стоимостиются примерно путем суммирования стоимостиются примерно путем суммирования стоимостиются примерно путем суммирования стоимостиются примерно путем суммирования стоимостиются примерно путем суммирования стоимостиются примерно путем суммирования стоимостиются примерно путем суммирования стоимостиются примерно путем суммирования стоимостиются примерно путем суммирования стоимостиются примерно путем суммирования стоимостиются примерно путем суммирования стоимостиются примерно путем", "numeric_answer": null, "relative_error": null, "thinking_text": null, "has_tool_call": false, "tool_call": null, "usage": {"prompt_tokens": 132, "completion_tokens": 256, "total_tokens": 388, "token_count_source": "tokenizer"}, "decoding": {"temperature": 0.2, "top_p": null, "top_k": null, "max_tokens": 256, "seed": 42}, "prompt_tokens": 132, "completion_tokens": 256, "total_tokens": 388, "token_count_source": "tokenizer", "diffusion_steps": null, "flops_estimate": null, "flops_arch": null, "flops_model_params": null, "flops_active_params": null, "tokens_non_final": 153, "tokens_reasoning": 0, "tokens_response": 153, "elapsed_seconds": 18.458168268203735, "judgement": "Uncategorized"}
{"id": "taxes_000445", "topic": "taxes", "subtopic": "pre_discount_tax", "prompt": "Cart: $46.59, $16.28. Local sales tax is 8.5% (tax calculated before discount). About how much is the total?", "exact_value": 68.21, "model": "tiiuae/Falcon-H1-7B-Instruct", "provider": "transformers", "response": "Finalются примерно путем суммирования стоимости товаров и применения налога до скидки согласно следующему плану:ются примерно путем суммирования стоимости товаров и применения налога до скидки согласно следующему плануются примерно путем суммирования стоимости товаров и применения налога до скидки согласно следующему плануются примерно путем суммирования стоимости товаров и применения налога до скидки согласно следующему плануются примерно путем суммирования стоимости товаров и применения налога до скидки согласно следующему плануются примерно путем суммирования стоимости товаров и применения налога до скидки согласно следующему плануются примерно путем суммирования стоимости товаров и применения налога до скидки согласно следующему плануются примерно путем суммирования стоимости товаров и применения налога до скидки согласно следующему плануются примерно путем суммирования стоимости товаров и применения налога до скидки согласно следующему плануются примерно путем суммирования стоимости товаров и применения налога доются примерно путем суммирования стоимости товаров и применения налога доются примерно путем суммирования стоимости товаров и применения налога доются примерно путем суммирования стоимости товаров и применения налога доются примерно путем суммирования стоимости товаров и примененияются примерно путем", "numeric_answer": null, "relative_error": null, "thinking_text": null, "has_tool_call": false, "tool_call": null, "usage": {"prompt_tokens": 118, "completion_tokens": 256, "total_tokens": 374, "token_count_source": "tokenizer"}, "decoding": {"temperature": 0.2, "top_p": null, "top_k": null, "max_tokens": 256, "seed": 42}, "prompt_tokens": 118, "completion_tokens": 256, "total_tokens": 374, "token_count_source": "tokenizer", "diffusion_steps": null, "flops_estimate": null, "flops_arch": null, "flops_model_params": null, "flops_active_params": null, "tokens_non_final": 163, "tokens_reasoning": 0, "tokens_response": 163, "elapsed_seconds": 18.411597728729248, "judgement": "Uncategorized"}
{"id": "taxes_000465", "topic": "taxes", "subtopic": "pre_discount_tax", "prompt": "Cart: $4.60, $30.69, $19.15 with a 10% store discount. Local sales tax is 7.0% (tax calculated before discount). About how much is the total?", "exact_value": 52.81, "model": "tiiuae/Falcon-H1-7B-Instruct", "provider": "transformers", "response": "Finalютсяываютсяываютсяываютсяываютсяываютсяываютсяываютсяываютсяываютсяываютсяываютсяываютсяываютсяываютсяываютсяываютсяываютсяываютсяываютсяываютсяываютсяываютсяываютсяываютсяываютсяываютсяываютсяываютсяываютсяываютсяываютсяываютсяываютсяываютсяываютсяываютсяываютсяываютсяываютсяываютсяываютсяываютсяываютсяываютсяываютсяываютсяываютсяываютсяываютсяываютсяываютсяываютсяываютсяываютсяываютсяываютсяываютсяываютсяываютсяываютсяываютсяываютсяываютсяываютсяываютсяываютсяываютсяываютсяываютсяываютсяываютсяываютсяываютсяываютсяываютсяываютсяываютсяываютсяываютсяываютсяываютсяываютсяываютсяываютсяываютсяываютсяываютсяываютсяываютсяываютсяываютсяываютсяываютсяываютсяываютсяываютсяываютсяываютсяываютсяываютсяываютсяываютсяываютсяываютсяываютсяываютсяываютсяываютсяываютсяываютсяываютсяываютсяываютсяываютсяываютсяываютсяываютсяываютсяываютсяываютсяываютсяываютсяываютсяываютсяываютсяываютсяываютсяываютсяываютсяываютсяываютсяываютсяываютсяываютсяываютсяываютсяываютсяываютсяываютсяываютсяываютсяываютсяываютсяываютсяываютсяываютсяываютсяываютсяываютсяываютсяываютсяываютсяываютсяываютсяываютсяываютсяываютсяываютсяываютсяываютсяываютсяываютсяываютсяываютсяываютсяываютсяываютсяываютсяываютсяываютсяываютсяываютсяываютсяываютсяываютсяываютсяываютсяываютсяываютсяываютсяываютсяываютсяываютсяываютсяываютсяываютсяываютсяываютсяываютсяываютсяываютсяываютсяываютсяываютсяываютсяываютсяываютсяываютсяываютсяываютсяываютсяываютсяываютсяываютсяываютсяываютсяываютсяываютсяываютсяываютсяываютсяываютсяываютсяываютсяываютсяываютсяываютсяываютсяываютсяываютсяываютсяываютсяываютсяываютсяываютсяываютсяываютсяываютсяываютсяываютсяываютсяываютсяываютсяываютсяываютсяываютсяываютсяываютсяываютсяываютсяываютсяываютсяываютсяываютсяываютсяываютсяываютсяываютсяываютсяываютсяываютсяываютсяываютсяываются", "numeric_answer": null, "relative_error": null, "thinking_text": null, "has_tool_call": false, "tool_call": null, "usage": {"prompt_tokens": 133, "completion_tokens": 256, "total_tokens": 389, "token_count_source": "tokenizer"}, "decoding": {"temperature": 0.2, "top_p": null, "top_k": null, "max_tokens": 256, "seed": 42}, "prompt_tokens": 133, "completion_tokens": 256, "total_tokens": 389, "token_count_source": "tokenizer", "diffusion_steps": null, "flops_estimate": null, "flops_arch": null, "flops_model_params": null, "flops_active_params": null, "tokens_non_final": 1, "tokens_reasoning": 0, "tokens_response": 1, "elapsed_seconds": 18.432509660720825, "judgement": "Uncategorized"}
{"id": "taxes_000485", "topic": "taxes", "subtopic": "post_discount_tax", "prompt": "Cart: $34.84, $9.92, $58.12 with a 15% store discount. Local sales tax is 8.0% (tax after discount). About how much is the total?", "exact_value": 94.44, "model": "tiiuae/Falcon-H1-7B-Instruct", "provider": "transformers", "response": "Finalются примерно путем применения скидки и налога к стоимости товаров согласно следующему плану:ются сначала скидываются цены согласно проценту скидкиютсяются далее путем применения налогаютсяютсяютсяютсяютсяютсяютсяютсяютсяютсяютсяютсяютсяютсяютсяютсяютсяютсяютсяютсяютсяютсяютсяютсяютсяютсяютсяютсяютсяютсяютсяютсяютсяютсяютсяютсяютсяютсяютсяютсяютсяютсяютсяютсяютсяютсяютсяютсяютсяютсяютсяютсяютсяютсяютсяютсяютсяютсяютсяютсяютсяютсяютсяютсяютсяютсяютсяютсяютсяютсяютсяютсяютсяютсяютсяютсяютсяютсяютсяютсяютсяютсяютсяютсяютсяютсяютсяютсяютсяютсяютсяютсяютсяютсяютсяютсяютсяютсяютсяютсяютсяютсяютсяютсяютсяютсяютсяютсяютсяютсяютсяютсяютсяютсяютсяютсяютсяютсяютсяютсяютсяютсяютсяютсяютсяютсяютсяютсяютсяютсяютсяютсяютсяютсяютсяютсяютсяютсяютсяютсяютсяютсяютсяютсяютсяютсяютсяютсяютсяютсяютсяютсяютсяютсяютсяютсяютсяютсяютсяютсяютсяютсяютсяютсяютсяютсяютсяютсяютсяютсяютсяютсяютсяютсяютсяютсяютсяютсяютсяютсяютсяютсяютсяютсяютсяютсяютсяютсяютсяютсяютсяютсяютсяютсяютсяютсяютсяютсяютсяютсяютсяютсяютсяютсяютсяютсяютсяютсяютсяютсяютсяютсяютсяютсяютсяютсяются", "numeric_answer": null, "relative_error": null, "thinking_text": null, "has_tool_call": false, "tool_call": null, "usage": {"prompt_tokens": 132, "completion_tokens": 256, "total_tokens": 388, "token_count_source": "tokenizer"}, "decoding": {"temperature": 0.2, "top_p": null, "top_k": null, "max_tokens": 256, "seed": 42}, "prompt_tokens": 132, "completion_tokens": 256, "total_tokens": 388, "token_count_source": "tokenizer", "diffusion_steps": null, "flops_estimate": null, "flops_arch": null, "flops_model_params": null, "flops_active_params": null, "tokens_non_final": 23, "tokens_reasoning": 0, "tokens_response": 23, "elapsed_seconds": 18.399976015090942, "judgement": "Uncategorized"}
{"id": "taxes_000505", "topic": "taxes", "subtopic": "post_discount_tax", "prompt": "Cart: $21.24, $18.83, $46.12, $12.11, $38.47 with a 15% store discount. Local sales tax is 7.0% (tax after discount). About how much is the total?", "exact_value": 124.39, "model": "tiiuae/Falcon-H1-7B-Instruct", "provider": "transformers", "response": "Finalются примерно путем вычисления суммы стоимости товаров после скидки и до уплаты налогов согласно следующему плану действийются примерно путем вычисления суммы стоимостиgüvenilir devam etmek için aşağıываются примерно путем вычисления суммы стоимостиgüvenilir devamрование путем приближенного расчета суммы стоимости после применения скидки и до уплаты налогов согласно следующему плану действийются примерно путем вычисления суммы стоимостиgüvenilir devamрование путем приближенного расчета суммы стоимости после применения скидки и до уплаты налогов согласно следующему плану действийются примерно путем вычисления суммы стоимостиgüvenilir devamрование путем приближенного расчета суммы стоимости после применения скидки и до уплаты налогов согласно следующему плану действийются примерно путем вычисления суммы стоимостиgüvenilir devamрование путем приближенного расчета суммы стоимости после применения скидки и до уплаты налогов согласно следующему плану действийются примерно путем вычисления суммы стоимостиgüvenilir devamрование путем приближенного расчета суммы стоимости после применения скидки и до уплаты налогов согласно следующему плану действийются примерно путем вычисления суммы стоимостиgüvenilir devamрование путем приближенного расчета суммы стоимости после применения скидки и до упл", "numeric_answer": null, "relative_error": null, "thinking_text": null, "has_tool_call": false, "tool_call": null, "usage": {"prompt_tokens": 149, "completion_tokens": 256, "total_tokens": 405, "token_count_source": "tokenizer"}, "decoding": {"temperature": 0.2, "top_p": null, "top_k": null, "max_tokens": 256, "seed": 42}, "prompt_tokens": 149, "completion_tokens": 256, "total_tokens": 405, "token_count_source": "tokenizer", "diffusion_steps": null, "flops_estimate": null, "flops_arch": null, "flops_model_params": null, "flops_active_params": null, "tokens_non_final": 153, "tokens_reasoning": 0, "tokens_response": 153, "elapsed_seconds": 18.398029088974, "judgement": "Uncategorized"}
{"id": "taxes_000525", "topic": "taxes", "subtopic": "pre_discount_tax", "prompt": "Cart: $40.81, $31.93, $33.24, $7.40. Local sales tax is 7.0% (tax calculated before discount). About how much is the total?", "exact_value": 121.32, "model": "tiiuae/Falcon-H1-7B-Instruct", "provider": "transformers", "response": "Finalются примерно путем суммирования стоимости всех позиций в корзине и затем применения налога путем увеличения суммы примерно на ются примерно путем суммирования стоимости всех позиций в корзине и затем применения налога путем увеличения суммы примерно на процент налогаются примерно путем суммирования стоимости всех позицийются примерно путем суммирования стоимостиются примерно путем суммирования стоимостиются примерно путем суммирования стоимостиются примерно путем суммирования стоимостиются примерно путем суммирования стоимостиются примерно путем суммирования стоимостиются примерно путем суммирования стоимостиются примерно путем суммирования стоимостиются примерно путем суммирования стоимостиются примерно путем суммирования стоимостиются примерно путем суммирования стоимостиются примерно путем суммирования стоимостиются примерно путем суммирования стоимостиются примерно путем суммирования стоимостиются примерно путем суммирования стоимостиются примерно путем суммирования стоимостиются примерно путем суммирования стоимостиются примерно путем суммирования стоимостиются примерно путем суммирования стоимостиются примерно путем суммирования стоимостиются примерно путем суммирования стоимостиются примерно путем суммирования стоимостиются примерно путем суммирования стоимостиются примерно путем суммирования стоимостиются примерно путем суммирования стоимостиются примерно путем суммирования стоимостиются примерно путем суммирования стоимостиются примерно", "numeric_answer": null, "relative_error": null, "thinking_text": null, "has_tool_call": false, "tool_call": null, "usage": {"prompt_tokens": 133, "completion_tokens": 256, "total_tokens": 389, "token_count_source": "tokenizer"}, "decoding": {"temperature": 0.2, "top_p": null, "top_k": null, "max_tokens": 256, "seed": 42}, "prompt_tokens": 133, "completion_tokens": 256, "total_tokens": 389, "token_count_source": "tokenizer", "diffusion_steps": null, "flops_estimate": null, "flops_arch": null, "flops_model_params": null, "flops_active_params": null, "tokens_non_final": 153, "tokens_reasoning": 0, "tokens_response": 153, "elapsed_seconds": 18.366047620773315, "judgement": "Uncategorized"}
{"id": "taxes_000545", "topic": "taxes", "subtopic": "pre_discount_tax", "prompt": "Cart: $59.68, $15.72 with a 15% store discount. Local sales tax is 8.5% (tax calculated before discount). About how much is the total?", "exact_value": 70.5, "model": "tiiuae/Falcon-H1-7B-Instruct", "provider": "transformers", "response": "Finalютсяываютсяываютсяываютсяываютсяываютсяываютсяываютсяываютсяываютсяываютсяываютсяываютсяываютсяываютсяываютсяываютсяываютсяываютсяываютсяываютсяываютсяываютсяываютсяываютсяываютсяываютсяываютсяываютсяываютсяываютсяываютсяываютсяываютсяываютсяываютсяываютсяываютсяываютсяываютсяываютсяываютсяываютсяываютсяываютсяываютсяываютсяываютсяываютсяываютсяываютсяываютсяываютсяываютсяываютсяываютсяываютсяываютсяываютсяываютсяываютсяываютсяываютсяываютсяываютсяываютсяываютсяываютсяываютсяываютсяываютсяываютсяываютсяываютсяываютсяываютсяываютсяываютсяываютсяываютсяываютсяываютсяываютсяываютсяываютсяываютсяываютсяываютсяываютсяываютсяываютсяываютсяываютсяываютсяываютсяываютсяываютсяываютсяываютсяываютсяываютсяываютсяываютсяываютсяываютсяываютсяываютсяываютсяываютсяываютсяываютсяываютсяываютсяываютсяываютсяываютсяываютсяываютсяываютсяываютсяываютсяываютсяываютсяываютсяываютсяываютсяываютсяываютсяываютсяываютсяываютсяываютсяываютсяываютсяываютсяываютсяываютсяываютсяываютсяываютсяываютсяываютсяываютсяываютсяываютсяываютсяываютсяываютсяываютсяываютсяываютсяываютсяываютсяываютсяываютсяываютсяываютсяываютсяываютсяываютсяываютсяываютсяываютсяываютсяываютсяываютсяываютсяываютсяываютсяываютсяываютсяываютсяываютсяываютсяываютсяываютсяываютсяываютсяываютсяываютсяываютсяываютсяываютсяываютсяываютсяываютсяываютсяываютсяываютсяываютсяываютсяываютсяываютсяываютсяываютсяываютсяываютсяываютсяываютсяываютсяываютсяываютсяываютсяываютсяываютсяываютсяываютсяываютсяываютсяываютсяываютсяываютсяываютсяываютсяываютсяываютсяываютсяываютсяываютсяываютсяываютсяываютсяываютсяываютсяываютсяываютсяываютсяываютсяываютсяываютсяываютсяываютсяываютсяываютсяываютсяываютсяываютсяываютсяываютсяываютсяываютсяываютсяываютсяываютсяываютсяываютсяываютсяываютсяываютсяываютсяываютсяываютсяываютсяываютсяываются", "numeric_answer": null, "relative_error": null, "thinking_text": null, "has_tool_call": false, "tool_call": null, "usage": {"prompt_tokens": 126, "completion_tokens": 256, "total_tokens": 382, "token_count_source": "tokenizer"}, "decoding": {"temperature": 0.2, "top_p": null, "top_k": null, "max_tokens": 256, "seed": 42}, "prompt_tokens": 126, "completion_tokens": 256, "total_tokens": 382, "token_count_source": "tokenizer", "diffusion_steps": null, "flops_estimate": null, "flops_arch": null, "flops_model_params": null, "flops_active_params": null, "tokens_non_final": 1, "tokens_reasoning": 0, "tokens_response": 1, "elapsed_seconds": 18.232033491134644, "judgement": "Uncategorized"}
{"id": "taxes_000565", "topic": "taxes", "subtopic": "pre_discount_tax", "prompt": "Cart: $26.85, $46.69, $42.49 with a 10% store discount. Local sales tax is 8.0% (tax calculated before discount). About how much is the total?", "exact_value": 113.71, "model": "tiiuae/Falcon-H1-7B-Instruct", "provider": "transformers", "response": "Finalютсяываютсяываютсяываютсяываютсяываютсяываютсяываютсяываютсяываютсяываютсяываютсяываютсяываютсяываютсяываютсяываютсяываютсяываютсяываютсяываютсяываютсяываютсяываютсяываютсяываютсяываютсяываютсяываютсяываютсяываютсяываютсяываютсяываютсяываютсяываютсяываютсяываютсяываютсяываютсяываютсяываютсяываютсяываютсяываютсяываютсяываютсяываютсяываютсяываютсяываютсяываютсяываютсяываютсяываютсяываютсяываютсяываютсяываютсяываютсяываютсяываютсяываютсяываютсяываютсяываютсяываютсяываютсяываютсяываютсяываютсяываютсяываютсяываютсяываютсяываютсяываютсяываютсяываютсяываютсяываютсяываютсяываютсяываютсяываютсяываютсяываютсяываютсяываютсяываютсяываютсяываютсяываютсяываютсяываютсяываютсяываютсяываютсяываютсяываютсяываютсяываютсяываютсяываютсяываютсяютсяываютсяываютсяываютсяываютсяываютсяываютсяываютсяываютсяываютсяываютсяываютсяываютсяываютсяываютсяываютсяываютсяываютсяываютсяываютсяываютсяываютсяываютсяываютсяываютсяываютсяываютсяываютсяываютсяываютсяываютсяываютсяываютсяываютсяываютсяываютсяываютсяываютсяываютсяываютсяываютсяываютсяываютсяываютсяываютсяываютсяываютсяываютсяываютсяываютсяываютсяываютсяываютсяываютсяываютсяываютсяываютсяываютсяываютсяываютсяываютсяываютсяютсяываютсяываютсяываютсяываютсяываютсяываютсяываютсяываютсяываютсяываютсяываютсяываютсяываютсяываютсяываютсяываютсяываютсяываютсяываютсяываютсяываютсяываютсяютсяываютсяываютсяываютсяываютсяываютсяываютсяываютсяываютсяываютсяываютсяываютсяываютсяываютсяываютсяываютсяываютсяываютсяываютсяываютсяываютсяываютсяываютсяываютсяываютсяываютсяываютсяываютсяываютсяываютсяываютсяываютсяываютсяываютсяываютсяываютсяываютсяываютсяываютсяываютсяываютсяываютсяываютсяываютсяываютсяываютсяываютсяываютсяываютсяываютсяываютсяываютсяываютсяываютсяываютсяываютсяываютсяываютсяываютсяываютсяываютсяываютсяываютсяываютсяываются", "numeric_answer": null, "relative_error": null, "thinking_text": null, "has_tool_call": false, "tool_call": null, "usage": {"prompt_tokens": 134, "completion_tokens": 256, "total_tokens": 390, "token_count_source": "tokenizer"}, "decoding": {"temperature": 0.2, "top_p": null, "top_k": null, "max_tokens": 256, "seed": 42}, "prompt_tokens": 134, "completion_tokens": 256, "total_tokens": 390, "token_count_source": "tokenizer", "diffusion_steps": null, "flops_estimate": null, "flops_arch": null, "flops_model_params": null, "flops_active_params": null, "tokens_non_final": 1, "tokens_reasoning": 0, "tokens_response": 1, "elapsed_seconds": 18.25361943244934, "judgement": "Uncategorized"}
{"id": "taxes_000585", "topic": "taxes", "subtopic": "pre_discount_tax", "prompt": "Cart: $39.46, $16.46, $27.60 with a 15% store discount. Local sales tax is 7.5% (tax calculated before discount). About how much is the total?", "exact_value": 77.26, "model": "tiiuae/Falcon-H1-7B-Instruct", "provider": "transformers", "response": "Finalются примерно путем следования этим шагам:ются примерно путем следования этим шагамются примерно путем следования этим шагамются примерно путем следования этим шагамются примерно путем следования этим шагамются примерно путем следования этим шагамются примерно путем следования этим шагамются примерно путем следования этим шагамются примерно путем следования этим шагамются примерно путем следования этим шагамются примерно путем следования этим шагамются примерно путем следования этим шагамются примерно путем следования этим шагамются примерно путем следования этим шагамются примерно путем следования этим шагамются примерно путем следования этим шагамются примерно путем следования этим шагамются примерно путем следования этим шагамются примерно путем следования этим шагамются примерно путем следования этим шагамются примерно путем следования этим шагамются примерно путем следования этим шагамются примерно путем следования этим шагамются примерно путем следования этим шагамются примерно путем следования этим шагамются примерно путем следования этим шагамются примерно путем следования этим шагамются примерно путем следования этим шагамются примерно путем следования этим шагамются примерно путем следования этим шагамются примерно путем следования этим шагамются примерно путем следования этим", "numeric_answer": null, "relative_error": null, "thinking_text": null, "has_tool_call": false, "tool_call": null, "usage": {"prompt_tokens": 134, "completion_tokens": 256, "total_tokens": 390, "token_count_source": "tokenizer"}, "decoding": {"temperature": 0.2, "top_p": null, "top_k": null, "max_tokens": 256, "seed": 42}, "prompt_tokens": 134, "completion_tokens": 256, "total_tokens": 390, "token_count_source": "tokenizer", "diffusion_steps": null, "flops_estimate": null, "flops_arch": null, "flops_model_params": null, "flops_active_params": null, "tokens_non_final": 160, "tokens_reasoning": 0, "tokens_response": 160, "elapsed_seconds": 18.34026837348938, "judgement": "Uncategorized"}
{"id": "taxes_000605", "topic": "taxes", "subtopic": "post_discount_tax", "prompt": "Cart: $56.51, $45.65, $41.70 with a 15% store discount. Local sales tax is 8.5% (tax after discount). About how much is the total?", "exact_value": 132.67, "model": "tiiuae/Falcon-H1-7B-Instruct", "provider": "transformers", "response": "Finalютсяываютсяываютсяываютсяываютсяываютсяываютсяываютсяываютсяываютсяываютсяываютсяываютсяываютсяываютсяываютсяываютсяываютсяываютсяываютсяываютсяываютсяываютсяываютсяываютсяываютсяываютсяываютсяываютсяываютсяываютсяываютсяываютсяываютсяываютсяываютсяываютсяываютсяываютсяываютсяываютсяываютсяываютсяываютсяываютсяываютсяываютсяываютсяываютсяываютсяываютсяываютсяываютсяываютсяываютсяываютсяываютсяываютсяываютсяываютсяываютсяываютсяываютсяываютсяываютсяываютсяываютсяываютсяываютсяываютсяываютсяываютсяываютсяываютсяываютсяываютсяываютсяываютсяываютсяываютсяываютсяываютсяываютсяываютсяываютсяываютсяываютсяываютсяываютсяываютсяываютсяываютсяываютсяываютсяываютсяываютсяываютсяываютсяываютсяываютсяываютсяываютсяываютсяываютсяываютсяываютсяываютсяываютсяываютсяываютсяываютсяываютсяываютсяываютсяываютсяываютсяываютсяываютсяываютсяываютсяываютсяываютсяываютсяываютсяываютсяываютсяываютсяываютсяываютсяываютсяываютсяываютсяываютсяываютсяываютсяываютсяываютсяываютсяываютсяываютсяываютсяываютсяываютсяываютсяываютсяываютсяываютсяываютсяываютсяываютсяываютсяываютсяываютсяываютсяываютсяываютсяываютсяываютсяываютсяываютсяываютсяываютсяываютсяываютсяываютсяываютсяываютсяываютсяываютсяываютсяываютсяываютсяываютсяываютсяываютсяываютсяываютсяываютсяываютсяываютсяываютсяываютсяываютсяываютсяываютсяываютсяываютсяываютсяютсяываютсяываютсяываютсяываютсяываютсяываютсяываютсяываютсяываютсяываютсяываютсяываютсяываютсяываютсяываютсяываютсяываютсяываютсяываютсяываютсяываютсяываютсяываютсяываютсяываютсяываютсяываютсяываютсяываютсяываютсяываютсяываютсяываютсяываютсяываютсяываютсяываютсяываютсяываютсяываютсяываютсяываютсяываютсяываютсяываютсяываютсяываютсяываютсяываютсяываютсяываютсяываютсяываютсяываютсяываютсяываютсяываютсяываютсяываютсяываютсяываютсяываютсяываютсяываютсяываютсяываются", "numeric_answer": null, "relative_error": null, "thinking_text": null, "has_tool_call": false, "tool_call": null, "usage": {"prompt_tokens": 133, "completion_tokens": 256, "total_tokens": 389, "token_count_source": "tokenizer"}, "decoding": {"temperature": 0.2, "top_p": null, "top_k": null, "max_tokens": 256, "seed": 42}, "prompt_tokens": 133, "completion_tokens": 256, "total_tokens": 389, "token_count_source": "tokenizer", "diffusion_steps": null, "flops_estimate": null, "flops_arch": null, "flops_model_params": null, "flops_active_params": null, "tokens_non_final": 1, "tokens_reasoning": 0, "tokens_response": 1, "elapsed_seconds": 18.207306385040283, "judgement": "Uncategorized"}
{"id": "taxes_000625", "topic": "taxes", "subtopic": "post_discount_tax", "prompt": "Cart: $45.52, $11.14, $39.66 with a 15% store discount. Local sales tax is 7.5% (tax after discount). About how much is the total?", "exact_value": 88.01, "model": "tiiuae/Falcon-H1-7B-Instruct", "provider": "transformers", "response": "Finalются примерно путем применения скидки и налога к стоимости товаров согласно следующему плану:ются сначала скидываются все товары примерно на ются путем уменьшения стоимости примерно наются путем уменьшения стоимости примерноются путем уменьшения стоимости примерноются путем уменьшения стоимости примерноются путем уменьшения стоимости примерноются путем уменьшения стоимости примерноются путем уменьшения стоимости примерноются путем уменьшения стоимости примерноаются путем увеличения стоимости примерноываются путем увеличения стоимости примерноываются путем увеличения стоимости примерноываются путем увеличения стоимости примерноаются путем увеличения стоимости примерноаются путем увеличения стоимости примерноаются путем увеличения стоимости примерноаются путем увеличения стоимости примерноаются путем увеличения стоимости примерноаются путем увеличения стоимости примерноаются путем увеличения стоимости примерноаются путем увеличения стоимости примерноаются путем увеличения стоимости примерноаются путем увеличения стоимости примерноаются путем увеличения стоимости примерноаются путем увеличения стоимости примерноаются путем увеличения стоимости примерноаются путем увеличения стоимости примерноаются путем увеличения стоимости примерноаются путем увеличения стоимости примерноаются путем увеличения стоимости примерноаются путем увеличения стоимости примерноаются путем увеличения стоимости примерноаются путем увеличения стоимости примерноаются путем увеличения стоимости примерноаются путем увеличения стоимости примерноаются путем увеличения стоимости примерноаются путем увеличения стоимости примерноаются путем увеличения стоимости примерноаются путем", "numeric_answer": null, "relative_error": null, "thinking_text": null, "has_tool_call": false, "tool_call": null, "usage": {"prompt_tokens": 133, "completion_tokens": 256, "total_tokens": 389, "token_count_source": "tokenizer"}, "decoding": {"temperature": 0.2, "top_p": null, "top_k": null, "max_tokens": 256, "seed": 42}, "prompt_tokens": 133, "completion_tokens": 256, "total_tokens": 389, "token_count_source": "tokenizer", "diffusion_steps": null, "flops_estimate": null, "flops_arch": null, "flops_model_params": null, "flops_active_params": null, "tokens_non_final": 170, "tokens_reasoning": 0, "tokens_response": 170, "elapsed_seconds": 18.166635274887085, "judgement": "Uncategorized"}
{"id": "taxes_000645", "topic": "taxes", "subtopic": "post_discount_tax", "prompt": "Cart: $49.33, $22.71, $22.30, $10.61 with a 10% store discount. Local sales tax is 8.0% (tax after discount). About how much is the total?", "exact_value": 102.01, "model": "tiiuae/Falcon-H1-7B-Instruct", "provider": "transformers", "response": "Finalются примерно путем суммирования стоимости всех позиций в корзине и применения налога после скидкиются примерно путем суммирования стоимости всех позиций в корзине и применения налога после скидкиются примерно путем суммирования стоимости всех позиций в корзине и применения налога после скидываютсяываютсяываютсяываютсяываютсяываютсяываютсяываютсяываютсяываютсяываютсяываютсяываютсяываютсяываютсяываютсяываютсяываютсяываютсяываютсяываютсяываютсяываютсяываютсяываютсяываютсяываютсяываютсяываютсяываютсяываютсяываютсяываютсяываютсяываютсяываютсяываютсяываютсяываютсяываютсяываютсяываютсяываютсяываютсяываютсяываютсяываютсяываютсяываютсяываютсяываютсяываютсяываютсяываютсяываютсяываютсяываютсяываютсяываютсяываютсяываютсяываютсяываютсяываютсяываютсяываютсяываютсяываютсяываютсяываютсяываютсяываютсяываютсяываютсяываютсяываютсяываютсяываютсяываютсяываютсяываютсяываютсяываютсяываютсяываютсяываютсяываютсяываютсяываютсяываютсяываютсяываютсяываютсяываютсяываютсяываютсяываютсяываютсяываютсяываютсяываютсяываютсяываютсяываютсяываютсяываютсяываютсяываютсяываютсяываютсяываютсяываютсяываютсяываютсяываютсяываютсяываютсяываютсяываютсяываютсяываютсяываютсяываютсяываютсяываютсяываютсяываютсяываютсяываютсяываютсяываютсяываютсяываютсяываютсяываютсяываютсяываютсяываютсяываютсяываютсяываютсяываютсяываютсяываютсяываютсяываютсяываютсяываютсяываютсяываютсяываютсяываютсяываютсяываютсяываютсяываютсяываютсяываютсяываютсяываютсяываютсяываютсяываютсяываютсяываютсяываютсяываютсяываютсяываютсяываютсяываютсяываютсяываютсяываютсяываютсяываютсяываютсяываютсяываютсяываютсяываютсяываютсяываютсяываютсяываютсяываютсяываютсяываютсяываютсяываются", "numeric_answer": null, "relative_error": null, "thinking_text": null, "has_tool_call": false, "tool_call": null, "usage": {"prompt_tokens": 141, "completion_tokens": 256, "total_tokens": 397, "token_count_source": "tokenizer"}, "decoding": {"temperature": 0.2, "top_p": null, "top_k": null, "max_tokens": 256, "seed": 42}, "prompt_tokens": 141, "completion_tokens": 256, "total_tokens": 397, "token_count_source": "tokenizer", "diffusion_steps": null, "flops_estimate": null, "flops_arch": null, "flops_model_params": null, "flops_active_params": null, "tokens_non_final": 40, "tokens_reasoning": 0, "tokens_response": 40, "elapsed_seconds": 18.181360960006714, "judgement": "Uncategorized"}
{"id": "taxes_000665", "topic": "taxes", "subtopic": "post_discount_tax", "prompt": "Cart: $34.33, $12.25, $33.01 with a 10% store discount. Local sales tax is 8.5% (tax after discount). About how much is the total?", "exact_value": 77.72, "model": "tiiuae/Falcon-H1-7B-Instruct", "provider": "transformers", "response": "Finalются примерно путем суммирования стоимости всех позиций в корзине и затем применения скидки и налога согласно условиям задачиются примерно путем суммирования стоимости всех позиций в корзине и затем применения скидки и налога согласно условиям задачиются примерно путем суммирования стоимости всех позицийываются примерно путем суммирования стоимости всех позицийываются примерно путем суммирования стоимости всех позицийываются примерно путем суммирования стоимости всех позицийываются примерно путем суммирования стоимости всех позицийываются примерно путем суммирования стоимости всех позицийываются примерно путем суммирования стоимости всех позицийываются примерно путем суммирования стоимости всех позицийываются примерно путем суммирования стоимости всех позицийываются примерно путем суммирования стоимости всех позицийываются примерно путем суммирования стоимости всех позицийываются примерно путем суммирования стоимости всех позицийываются примерно путем суммирования стоимости всех позицийываются примерно путем суммирования стоимости всех позицийываются примерно путем суммирования стоимости всех позицийываются примерно путем суммирования стоимости всех позицийываются примерно путем суммирования стоимости всех позицийываются примерно путем суммирования стоимости всех позицийываются примерно путем суммирования стоимости всех позицийываются примерно путем суммирования стоимости всех позицийываются", "numeric_answer": null, "relative_error": null, "thinking_text": null, "has_tool_call": false, "tool_call": null, "usage": {"prompt_tokens": 133, "completion_tokens": 256, "total_tokens": 389, "token_count_source": "tokenizer"}, "decoding": {"temperature": 0.2, "top_p": null, "top_k": null, "max_tokens": 256, "seed": 42}, "prompt_tokens": 133, "completion_tokens": 256, "total_tokens": 389, "token_count_source": "tokenizer", "diffusion_steps": null, "flops_estimate": null, "flops_arch": null, "flops_model_params": null, "flops_active_params": null, "tokens_non_final": 155, "tokens_reasoning": 0, "tokens_response": 155, "elapsed_seconds": 18.182039737701416, "judgement": "Uncategorized"}
{"id": "taxes_000685", "topic": "taxes", "subtopic": "post_discount_tax", "prompt": "Cart: $45.39, $47.08, $42.29, $28.76, $33.64. Local sales tax is 8.0% (tax after discount). About how much is the total?", "exact_value": 212.93, "model": "tiiuae/Falcon-H1-7B-Instruct", "provider": "transformers", "response": "Finalются примерно путем суммы стоимости позиций плюс налога на продажах примерно равный примерно ются примерно путем суммы стоимости позиций плюс налог на продажах примерно равный примерно путем суммы стоимости позиций плюс налог примерно равный примерно путем суммы стоимости позиций плюс примерно равный примерно путем суммы стоимости позиций плюс примерно равный примерно путем суммы стоимости позиций плюс примерно равный примерно путем суммы стоимости позиций плюс примерно равный примерно путем суммы стоимости позиций плюс примерно равный примерно путем суммы стоимости позиций плюс примерно равный примерно путем суммы стоимости позиций плюс примерно равный примерно путем суммы стоимости позиций плюс примерно равный примерно путем суммы стоимости позиций плюс примерно равный примерно путем суммы стоимости позиций плюс примерно равный примерно путем суммы стоимости позиций плюс примерно равный примерно путем суммы стоимости позиций плюс примерно равный примерно путем суммы стоимости позиций плюс примерно равный примерно путем суммы стоимости позиций плюс примерно равный примерно путем суммы стоимости позиций плюс примерно равный примерно путем суммы стоимости позиций плюс примерно равный примерно путем суммы стоимости позиций плюс примерно равный примерно путем суммы стоимости позиций плюс примерно равный примерно путем суммы стоимости позиций плюс примерно равный примерно путем суммы стоимости позиций плюс примерно равный примерно путем суммы стоимости позиций плюс примерно равный примерно", "numeric_answer": null, "relative_error": null, "thinking_text": null, "has_tool_call": false, "tool_call": null, "usage": {"prompt_tokens": 141, "completion_tokens": 256, "total_tokens": 397, "token_count_source": "tokenizer"}, "decoding": {"temperature": 0.2, "top_p": null, "top_k": null, "max_tokens": 256, "seed": 42}, "prompt_tokens": 141, "completion_tokens": 256, "total_tokens": 397, "token_count_source": "tokenizer", "diffusion_steps": null, "flops_estimate": null, "flops_arch": null, "flops_model_params": null, "flops_active_params": null, "tokens_non_final": 203, "tokens_reasoning": 0, "tokens_response": 203, "elapsed_seconds": 18.165096044540405, "judgement": "Uncategorized"}
{"id": "taxes_000705", "topic": "taxes", "subtopic": "post_discount_tax", "prompt": "Cart: $40.98, $7.11, $42.94, $15.29 with a 10% store discount. Local sales tax is 8.0% (tax after discount). About how much is the total?", "exact_value": 103.34, "model": "tiiuae/Falcon-H1-7B-Instruct", "provider": "transformers", "response": "Finalются примерно путем суммирования стоимости всех позиций в корзине и применения налога после скидки согласно условиям задачиются примерно путем суммирования стоимости всех позиций в корзине и применения налога после скидки согласно условиямются примерно путем суммирования стоимости всех позицийются примерно путем суммирования стоимости всех позицийются примерно путем суммирования стоимостиются примерно путем суммирования стоимостиются примерно путем суммирования стоимостиются примерно путем суммирования стоимостиются примерно путем суммирования стоимостиются примерно путем суммирования стоимостиются примерно путем суммирования стоимостиются примерно путем суммирования стоимостиются примерно путем суммирования стоимостиются примерно путем суммирования стоимостиются примерно путем суммирования стоимостиются примерно путем суммирования стоимостиются примерно путем суммирования стоимостиются примерно путем суммирования стоимостиются примерно путем суммирования стоимостиются примерно путем суммирования стоимостиются примерно путем суммирования стоимостиются примерно путем суммирования стоимостиются примерно путем суммирования стоимостиются примерно путем суммирования стоимостиются примерно путем суммирования стоимостиются примерно путем суммирования стоимостиются примерно путем суммирования стоимостиются примерно путем суммирования стоимостиются примерно путем суммирования стоимостиются примерно путем суммирования стоимостиются примерно", "numeric_answer": null, "relative_error": null, "thinking_text": null, "has_tool_call": false, "tool_call": null, "usage": {"prompt_tokens": 140, "completion_tokens": 256, "total_tokens": 396, "token_count_source": "tokenizer"}, "decoding": {"temperature": 0.2, "top_p": null, "top_k": null, "max_tokens": 256, "seed": 42}, "prompt_tokens": 140, "completion_tokens": 256, "total_tokens": 396, "token_count_source": "tokenizer", "diffusion_steps": null, "flops_estimate": null, "flops_arch": null, "flops_model_params": null, "flops_active_params": null, "tokens_non_final": 149, "tokens_reasoning": 0, "tokens_response": 149, "elapsed_seconds": 18.209118843078613, "judgement": "Uncategorized"}
{"id": "taxes_000725", "topic": "taxes", "subtopic": "post_discount_tax", "prompt": "Cart: $58.29, $57.54, $3.90, $13.77, $33.83 with a 15% store discount. Local sales tax is 7.0% (tax after discount). About how much is the total?", "exact_value": 152.19, "model": "tiiuae/Falcon-H1-7B-Instruct", "provider": "transformers", "response": "Finalются примерно путем суммирования стоимости всех позиций в корзине и затем применения скидки и налога согласно следующему алгоритмуются примерно путем суммирования стоимости всех позиций в корзине и затем применения скидки и налога согласно следующему алгоритмуются примерно путем суммирования стоимости всех позицийются примерно путем суммирования стоимости всех позицийются примерно путем суммирования стоимости всех позицийются примерно путем суммирования стоимостиются примерно путем суммирования стоимостиются примерно путем суммирования стоимостиются примерно путем суммирования стоимостиются примерно путем суммирования стоимостиются примерно путем суммирования стоимостиются примерно путем суммирования стоимостиются примерно путем суммирования стоимостиются примерно путем суммирования стоимостиются примерно путем суммирования стоимостиются примерно путем суммирования стоимостиются примерно путем суммирования стоимостиются примерно путем суммирования стоимостиются примерно путем суммирования стоимостиются примерно путем суммирования стоимостиются примерно путем суммирования стоимостиются примерно путем суммирования стоимостиются примерно путем суммирования стоимостиются примерно путем суммирования стоимостиются примерно путем суммирования стоимостиются примерно путем суммирования стоимостиются примерно путем суммирования стоимостиются примерно путем суммирования стоимостиются примерно путем сум", "numeric_answer": null, "relative_error": null, "thinking_text": null, "has_tool_call": false, "tool_call": null, "usage": {"prompt_tokens": 148, "completion_tokens": 256, "total_tokens": 404, "token_count_source": "tokenizer"}, "decoding": {"temperature": 0.2, "top_p": null, "top_k": null, "max_tokens": 256, "seed": 42}, "prompt_tokens": 148, "completion_tokens": 256, "total_tokens": 404, "token_count_source": "tokenizer", "diffusion_steps": null, "flops_estimate": null, "flops_arch": null, "flops_model_params": null, "flops_active_params": null, "tokens_non_final": 148, "tokens_reasoning": 0, "tokens_response": 148, "elapsed_seconds": 18.293100357055664, "judgement": "Uncategorized"}
{"id": "taxes_000745", "topic": "taxes", "subtopic": "post_discount_tax", "prompt": "Cart: $54.15, $17.05, $39.04, $11.06 with a 20% store discount. Local sales tax is 6.0% (tax after discount). About how much is the total?", "exact_value": 102.86, "model": "tiiuae/Falcon-H1-7B-Instruct", "provider": "transformers", "response": "Finalются примерно путем применения скидки и налога к стоимости каждого товара в корзине согласно следующему алгоритмуются примерно путем применения скидки и налога к стоимости каждого товараются примерно путем примененияются примерно путем примененияются примерно путем примененияются примерно путем примененияются примерно путем примененияются примерно путем примененияются примерно путем примененияются примерно путем примененияются примерно путем примененияются примерно путем примененияются примерно путем примененияются примерно путем примененияются примерно путем примененияются примерно путем примененияются примерно путем примененияются примерно путем примененияются примерно путем примененияются примерно путем примененияются примерно путем примененияются примерно путем примененияются примерно путем примененияются примерно путем примененияются примерно путем примененияются примерно путем примененияются примерно путем примененияются примерно путем примененияются примерно путем примененияются примерно путем примененияются примерно путем примененияются примерно путем примененияются примерно путем примененияются примерно путем примененияются примерно путем примененияются примерно путем примененияются примерно путем примененияются примерно путем примененияются примерно путем примененияются примерно путем примененияются примерно путем примененияются примерно путем примененияются примерно путем примененияются примерно путем примененияются примерно путем примененияются примерно путем примененияются примерно путем примененияются примерно путем примененияются примерно путем примененияются примерно путем примененияются примерно путем примененияются примерно путем примененияются примерно путем примененияются примерно путем примененияются примерно путем примененияются примерно", "numeric_answer": null, "relative_error": null, "thinking_text": null, "has_tool_call": false, "tool_call": null, "usage": {"prompt_tokens": 141, "completion_tokens": 256, "total_tokens": 397, "token_count_source": "tokenizer"}, "decoding": {"temperature": 0.2, "top_p": null, "top_k": null, "max_tokens": 256, "seed": 42}, "prompt_tokens": 141, "completion_tokens": 256, "total_tokens": 397, "token_count_source": "tokenizer", "diffusion_steps": null, "flops_estimate": null, "flops_arch": null, "flops_model_params": null, "flops_active_params": null, "tokens_non_final": 186, "tokens_reasoning": 0, "tokens_response": 186, "elapsed_seconds": 18.328736305236816, "judgement": "Uncategorized"}
{"id": "taxes_000765", "topic": "taxes", "subtopic": "pre_discount_tax", "prompt": "Cart: $57.68, $16.68, $27.84, $52.23, $26.02 with a 15% store discount. Local sales tax is 6.0% (tax calculated before discount). About how much is the total?", "exact_value": 164.21, "model": "tiiuae/Falcon-H1-7B-Instruct", "provider": "transformers", "response": "Finalются примерно путем следования этим шагам:ются примерно путем следования этим шагамются примерно путем следования этим шагамются примерно путем следования этим шагамются примерно путем следования этим шагамются примерно путем следования этим шагамются примерно путем следования этим шагамются примерно путем следования этим шагамются примерно путем следования этим шагамются примерно путем следования этим шагамются примерно путем следования этим шагамются примерно путем следования этим шагамются примерно путем следования этим шагамются примерно путем следования этим шагамются примерно путем следования этим шагамются примерно путем следования этим шагамются примерно путем следования этим шагамются примерно путем следования этим шагамются примерно путем следования этим шагамются примерно путем следования этим шагамются примерно путем следования этим шагамются примерно путем следования этим шагамются примерно путем следования этим шагамются примерно путем следования этим шагамются примерно путем следования этим шагамются примерно путем следования этим шагамются примерно путем следования этим шагамются примерно путем следования этим шагамются примерно путем следования этим шагамются примерно путем следования этим шагамются примерно путем следования этим шагамются примерно путем следования этим", "numeric_answer": null, "relative_error": null, "thinking_text": null, "has_tool_call": false, "tool_call": null, "usage": {"prompt_tokens": 150, "completion_tokens": 256, "total_tokens": 406, "token_count_source": "tokenizer"}, "decoding": {"temperature": 0.2, "top_p": null, "top_k": null, "max_tokens": 256, "seed": 42}, "prompt_tokens": 150, "completion_tokens": 256, "total_tokens": 406, "token_count_source": "tokenizer", "diffusion_steps": null, "flops_estimate": null, "flops_arch": null, "flops_model_params": null, "flops_active_params": null, "tokens_non_final": 160, "tokens_reasoning": 0, "tokens_response": 160, "elapsed_seconds": 18.297295808792114, "judgement": "Uncategorized"}
{"id": "taxes_000785", "topic": "taxes", "subtopic": "post_discount_tax", "prompt": "Cart: $25.69, $31.24 with a 10% store discount. Local sales tax is 6.0% (tax after discount). About how much is the total?", "exact_value": 54.31, "model": "tiiuae/Falcon-H1-7B-Instruct", "provider": "transformers", "response": "Finalютсяываютсяываютсяываютсяываютсяываютсяываютсяываютсяываютсяываютсяываютсяываютсяываютсяываютсяываютсяываютсяываютсяываютсяываютсяываютсяываютсяываютсяываютсяываютсяываютсяываютсяываютсяываютсяываютсяываютсяываютсяываютсяываютсяываютсяываютсяываютсяываютсяываютсяываютсяываютсяываютсяываютсяываютсяываютсяываютсяываютсяываютсяываютсяываютсяываютсяываютсяываютсяываютсяываютсяываютсяываютсяываютсяываютсяываютсяываютсяываютсяываютсяываютсяываютсяываютсяываютсяываютсяываютсяываютсяываютсяываютсяываютсяываютсяываютсяываютсяываютсяываютсяываютсяываютсяываютсяываютсяываютсяываютсяываютсяываютсяываютсяываютсяываютсяываютсяываютсяываютсяываютсяываютсяываютсяываютсяываютсяываютсяываютсяываютсяываютсяываютсяываютсяываютсяываютсяываютсяываютсяываютсяываютсяываютсяываютсяываютсяываютсяываютсяываютсяываютсяываютсяываютсяываютсяываютсяываютсяываютсяываютсяываютсяываютсяываютсяываютсяываютсяываютсяываютсяываютсяываютсяываютсяываютсяываютсяываютсяываютсяываютсяываютсяываютсяываютсяываютсяываютсяываютсяываютсяываютсяываютсяываютсяываютсяываютсяываютсяываютсяываютсяываютсяываютсяываютсяываютсяываютсяываютсяываютсяываютсяываютсяываютсяываютсяываютсяываютсяываютсяываютсяываютсяываютсяываютсяываютсяываютсяываютсяываютсяываютсяываютсяываютсяываютсяываютсяываютсяываютсяываютсяываютсяываютсяываютсяываютсяываютсяываютсяываютсяываютсяываютсяываютсяываютсяываютсяываютсяываютсяываютсяываютсяываютсяываютсяываютсяываютсяываютсяываютсяываютсяываютсяываютсяываютсяываютсяываютсяываютсяываютсяываютсяываютсяываютсяываютсяываютсяываютсяываютсяываютсяываютсяываютсяываютсяываютсяываютсяываютсяываютсяываютсяываютсяываютсяываютсяываютсяываютсяываютсяываютсяываютсяываютсяываютсяываютсяываютсяываютсяываютсяываютсяываютсяываютсяываютсяываютсяываютсяываютсяываютсяываютсяываютсяываютсяываютсяываются", "numeric_answer": null, "relative_error": null, "thinking_text": null, "has_tool_call": false, "tool_call": null, "usage": {"prompt_tokens": 125, "completion_tokens": 256, "total_tokens": 381, "token_count_source": "tokenizer"}, "decoding": {"temperature": 0.2, "top_p": null, "top_k": null, "max_tokens": 256, "seed": 42}, "prompt_tokens": 125, "completion_tokens": 256, "total_tokens": 381, "token_count_source": "tokenizer", "diffusion_steps": null, "flops_estimate": null, "flops_arch": null, "flops_model_params": null, "flops_active_params": null, "tokens_non_final": 1, "tokens_reasoning": 0, "tokens_response": 1, "elapsed_seconds": 18.55875539779663, "judgement": "Uncategorized"}
{"id": "taxes_000805", "topic": "taxes", "subtopic": "post_discount_tax", "prompt": "Cart: $40.12, $28.74 with a 15% store discount. Local sales tax is 7.5% (tax after discount). About how much is the total?", "exact_value": 62.92, "model": "tiiuae/Falcon-H1-7B-Instruct", "provider": "transformers", "response": "Finalются примерно путем применения скидки и налога к стоимости товаров согласно следующему плану:ются сначала применяется скидка к стоимости каждого товараываются независимоываются затем налог к стоимости после скидываются путем прибавки процентовываются к стоимости после скидываютсяются независимоываютсяются независимоютсяываются независимоютсяываются независимоютсяываются независимоютсяываются независимоютсяываются независимоютсяываются независимоютсяываются независимоютсяываются независимоютсяываются независимоютсяываются независимоютсяываются независимоютсяываются независимоютсяываются независимоютсяываются независимоютсяываются независимоютсяываются независимоютсяываются независимоютсяываются независимоютсяываются независимоютсяываются независимоютсяываются независимоютсяываются независимоютсяываются независимоютсяываются независимоютсяываются независимоютсяываются независимоютсяываются независимоютсяываются независимоютсяываются независимоютсяываются независимоютсяываются независимоютсяываются независимоютсяываются независимоютсяываются независимоютсяываются независимоютсяываются независимоютсяываются независимоютсяываются независимоютсяываются независимоютсяываются независимоютсяываются независимоютсяываются независимоютсяываются независимоютсяываются независимоютсяываются независимоютсяываются независимоютсяываются независимоютсяываются независимоются", "numeric_answer": null, "relative_error": null, "thinking_text": null, "has_tool_call": false, "tool_call": null, "usage": {"prompt_tokens": 125, "completion_tokens": 256, "total_tokens": 381, "token_count_source": "tokenizer"}, "decoding": {"temperature": 0.2, "top_p": null, "top_k": null, "max_tokens": 256, "seed": 42}, "prompt_tokens": 125, "completion_tokens": 256, "total_tokens": 381, "token_count_source": "tokenizer", "diffusion_steps": null, "flops_estimate": null, "flops_arch": null, "flops_model_params": null, "flops_active_params": null, "tokens_non_final": 84, "tokens_reasoning": 0, "tokens_response": 84, "elapsed_seconds": 18.824204921722412, "judgement": "Uncategorized"}
{"id": "taxes_000825", "topic": "taxes", "subtopic": "pre_discount_tax", "prompt": "Cart: $42.07, $45.58, $4.03. Local sales tax is 8.5% (tax calculated before discount). About how much is the total?", "exact_value": 99.47, "model": "tiiuae/Falcon-H1-7B-Instruct", "provider": "transformers", "response": "Finalются примерно путем суммирования стоимости товаров и последующего расчета налога согласно проценту продажного налога до скидкиются примерно путем суммирования стоимости товаров и последующего расчета налога согласно проценту продажного налога до скидкиются примерно путем суммирования стоимости товаров и последующего расчета налога согласно проценту продажного налога до скидкиются примерно путем суммирования стоимости товаров и последующего расчета налога согласно проценту продажного налога до скидкиются примерно путем суммирования стоимости товаров и последующего расчета налога согласно проценту продажного налога до скидкиются примерно путем суммирования стоимости товаров и последующего расчета налога согласно проценту продажного налога до скидкиются примерно путем суммирования стоимости товаров и последующего расчета налога согласно проценту продажного налога до скидкиются примерно путем суммирования стоимости товаров и последующего расчета налога согласно проценту продажного налога до скидкиются примерно путем суммирования стоимости товаров и последующего расчета налога согласно проценту продажного налога до скидкиются примерно путем суммирования стоимости товаров и последующего расчета налога согласно проценту продажного налог", "numeric_answer": null, "relative_error": null, "thinking_text": null, "has_tool_call": false, "tool_call": null, "usage": {"prompt_tokens": 125, "completion_tokens": 256, "total_tokens": 381, "token_count_source": "tokenizer"}, "decoding": {"temperature": 0.2, "top_p": null, "top_k": null, "max_tokens": 256, "seed": 42}, "prompt_tokens": 125, "completion_tokens": 256, "total_tokens": 381, "token_count_source": "tokenizer", "diffusion_steps": null, "flops_estimate": null, "flops_arch": null, "flops_model_params": null, "flops_active_params": null, "tokens_non_final": 149, "tokens_reasoning": 0, "tokens_response": 149, "elapsed_seconds": 18.351030826568604, "judgement": "Uncategorized"}
{"id": "taxes_000845", "topic": "taxes", "subtopic": "post_discount_tax", "prompt": "Cart: $15.87, $9.20, $33.08, $43.65, $38.88 with a 20% store discount. Local sales tax is 6.0% (tax after discount). About how much is the total?", "exact_value": 119.3, "model": "tiiuae/Falcon-H1-7B-Instruct", "provider": "transformers", "response": "Finalются примерно путем суммирования стоимости товаров и применения скидки и налога согласно условиям задачиются примерно путем суммирования стоимости товаров и применения скидки и налога согласно условиям задачиются примерно путем суммирования стоимости товаров и применения скидкиются примерно путем суммирования стоимости товаров и примененияются примерно путем суммирования стоимости товаровются примерно путем суммирования стоимостиются примерно путем суммированияываются примерно путем суммировываются примерно путем суммировываются примерно путем суммировываются примерно путем суммировываются примерно путем суммировываются примерно путем суммировываются примерно путем суммировываются примерно путем суммировываются примерно путем суммировываются примерно путем суммировываются примерно путем суммировываются примерно путем суммировываются примерно путем суммировываются примерно путем суммировываются примерно путем суммировываются примерно путем суммировываются примерно путем суммировываются примерно путем суммировываются примерно путем суммировываются примерно путем суммировываются примерно путем суммировываются примерно путем суммировываются примерно путем суммировываются примерно путем суммировываются примерно путем суммировываются примерно путем суммировываются примерно путем суммировываются примерно путем суммировываются примерно путем суммировываются примерно путем суммировываются примерно путем суммировываются примерно путем суммировываются примерно путем суммировываются примерно путем суммировываются", "numeric_answer": null, "relative_error": null, "thinking_text": null, "has_tool_call": false, "tool_call": null, "usage": {"prompt_tokens": 148, "completion_tokens": 256, "total_tokens": 404, "token_count_source": "tokenizer"}, "decoding": {"temperature": 0.2, "top_p": null, "top_k": null, "max_tokens": 256, "seed": 42}, "prompt_tokens": 148, "completion_tokens": 256, "total_tokens": 404, "token_count_source": "tokenizer", "diffusion_steps": null, "flops_estimate": null, "flops_arch": null, "flops_model_params": null, "flops_active_params": null, "tokens_non_final": 156, "tokens_reasoning": 0, "tokens_response": 156, "elapsed_seconds": 18.301167964935303, "judgement": "Uncategorized"}
{"id": "taxes_000865", "topic": "taxes", "subtopic": "post_discount_tax", "prompt": "Cart: $58.64, $45.63, $26.84 with a 20% store discount. Local sales tax is 7.5% (tax after discount). About how much is the total?", "exact_value": 112.75, "model": "tiiuae/Falcon-H1-7B-Instruct", "provider": "transformers", "response": "Finalются примерно путем подсчета стоимости корзины после скидки и затем применения налога на месте продажи согласно следующему плану действийются примерно путем подсчета стоимости корзины после скидки и затем применения налога согласно следующему плану действийются примерно путем подсчета стоимости корзины после скидки и затем применения налога согласно следующему плану действийются примерно путем подсчета стоимости корзины после скидки и затем применения налога согласно следующему плану действийются примерно путем подсчета стоимости корзины после скидки и затем применения налога согласно следующему плану действийются примерно путем подсчета стоимости корзины после скидки и затем применения налога согласно следующему плану действийются примерно путем подсчета стоимости корзины после скидки и затем применения налога согласно следующему плану действийются примерно путем подсчета стоимости корзины после скидки и затем применения налога согласно следующему плану действийются примерно путем подсчета стоимости корзины после скидки и затем применения налога согласно следующему плану действийются примерно путем подсчета стоимости корзины после скидки и затем применения налога согласно следующему плану действийются примерно", "numeric_answer": null, "relative_error": null, "thinking_text": null, "has_tool_call": false, "tool_call": null, "usage": {"prompt_tokens": 133, "completion_tokens": 256, "total_tokens": 389, "token_count_source": "tokenizer"}, "decoding": {"temperature": 0.2, "top_p": null, "top_k": null, "max_tokens": 256, "seed": 42}, "prompt_tokens": 133, "completion_tokens": 256, "total_tokens": 389, "token_count_source": "tokenizer", "diffusion_steps": null, "flops_estimate": null, "flops_arch": null, "flops_model_params": null, "flops_active_params": null, "tokens_non_final": 155, "tokens_reasoning": 0, "tokens_response": 155, "elapsed_seconds": 18.287585258483887, "judgement": "Uncategorized"}
{"id": "taxes_000885", "topic": "taxes", "subtopic": "post_discount_tax", "prompt": "Cart: $14.40, $32.79, $9.47, $52.98, $5.25 with a 15% store discount. Local sales tax is 7.0% (tax after discount). About how much is the total?", "exact_value": 104.49, "model": "tiiuae/Falcon-H1-7B-Instruct", "provider": "transformers", "response": "Finalются примерно путем подсчета суммы стоимости товаров после скидки и затем добавления налога на место продажиются примерно путем подсчета суммы стоимости товаров после скидкиются примерно путем подсчета суммы стоимостиются примерно путем подсчета суммы стоимостиются примерно путем подсчета суммы стоимостиются примерно путем подсчета суммы стоимостиются примерно путем подсчета суммы стоимостиются примерно путем подсчета суммы стоимостиются примерно путем подсчета суммы стоимостиются примерно путем подсчета суммы стоимостиются примерно путем подсчета суммы стоимостиются примерно путем подсчета суммы стоимостиются примерно путем подсчета суммы стоимостиются примерно путем подсчета суммы стоимостиются примерно путем подсчета суммы стоимостиются примерно путем подсчета суммы стоимостиются примерно путем подсчета суммы стоимостиются примерно путем подсчета суммы стоимостиются примерно путем подсчета суммы стоимостиются примерно путем подсчета суммы стоимостиются примерно путем подсчета суммы стоимостиются примерно путем подсчета суммы стоимостиются примерно путем подсчета суммы стоимостиются примерно путем подсчета суммы стоимостиются примерно путем подсчета суммы стоимостиются примерно путем подсчета суммы стоимостиются примерно путем подсчета суммы стоимостиются примерно путем подсчета суммы стоимостиются примерно путем подсчета суммы стоимостиются примерно путем подс", "numeric_answer": null, "relative_error": null, "thinking_text": null, "has_tool_call": false, "tool_call": null, "usage": {"prompt_tokens": 147, "completion_tokens": 256, "total_tokens": 403, "token_count_source": "tokenizer"}, "decoding": {"temperature": 0.2, "top_p": null, "top_k": null, "max_tokens": 256, "seed": 42}, "prompt_tokens": 147, "completion_tokens": 256, "total_tokens": 403, "token_count_source": "tokenizer", "diffusion_steps": null, "flops_estimate": null, "flops_arch": null, "flops_model_params": null, "flops_active_params": null, "tokens_non_final": 162, "tokens_reasoning": 0, "tokens_response": 162, "elapsed_seconds": 18.361862421035767, "judgement": "Uncategorized"}
{"id": "taxes_000905", "topic": "taxes", "subtopic": "pre_discount_tax", "prompt": "Cart: $17.90, $48.48, $26.49, $5.89. Local sales tax is 8.5% (tax calculated before discount). About how much is the total?", "exact_value": 107.15, "model": "tiiuae/Falcon-H1-7B-Instruct", "provider": "transformers", "response": "Finalются примерно путем суммирования стоимости позиций и затем применения налога путем увеличения суммы примерно на процент налога путем умножения суммы примерно наются примерно путем суммирования стоимости позиций и затем применения налога путем увеличения суммы примерно на процент налога путем умножения суммы примерно наются примерно путем суммирования стоимости позиций и затем применения налога путем увеличения суммы примерно на процент налога путем умножения суммы примерно наются примерно путем суммирования стоимости позиций и затем применения налога путем увеличения суммы примерно наются примерно путем суммирования стоимости позиций и затем применения налога путем увеличения суммы примерно наются примерно путем суммирования стоимости позиций и затем применения налога путем увеличения суммы примерно наются примерно путем суммирования стоимости позиций и затем применения налога путем увеличения суммы примерно наются примерно путем суммирования стоимости позиций и затем примененияются примерно путем суммирования стоимости позиций и затем примененияются примерно путем суммирования стоимости позиций и затем примененияются примерно путем суммирования стоимости позиций и затем примененияются примерно путем суммирования стоимости позиций и затем примененияются примерно путем суммирования стоимости позиций и затем примененияются примерно путем суммирования стоимости позиций и", "numeric_answer": null, "relative_error": null, "thinking_text": null, "has_tool_call": false, "tool_call": null, "usage": {"prompt_tokens": 133, "completion_tokens": 256, "total_tokens": 389, "token_count_source": "tokenizer"}, "decoding": {"temperature": 0.2, "top_p": null, "top_k": null, "max_tokens": 256, "seed": 42}, "prompt_tokens": 133, "completion_tokens": 256, "total_tokens": 389, "token_count_source": "tokenizer", "diffusion_steps": null, "flops_estimate": null, "flops_arch": null, "flops_model_params": null, "flops_active_params": null, "tokens_non_final": 174, "tokens_reasoning": 0, "tokens_response": 174, "elapsed_seconds": 18.225656032562256, "judgement": "Uncategorized"}
{"id": "taxes_000925", "topic": "taxes", "subtopic": "post_discount_tax", "prompt": "Cart: $22.10, $57.77 with a 10% store discount. Local sales tax is 8.5% (tax after discount). About how much is the total?", "exact_value": 77.99, "model": "tiiuae/Falcon-H1-7B-Instruct", "provider": "transformers", "response": "Finalютсяываютсяываютсяываютсяываютсяываютсяываютсяываютсяываютсяываютсяываютсяываютсяываютсяываютсяываютсяываютсяываютсяываютсяютсяываютсяываютсяываютсяываютсяываютсяываютсяываютсяываютсяываютсяываютсяываютсяываютсяываютсяываютсяываютсяываютсяываютсяываютсяываютсяываютсяываютсяываютсяываютсяываютсяываютсяываютсяываютсяываютсяываютсяываютсяываютсяываютсяываютсяываютсяываютсяываютсяываютсяываютсяываютсяываютсяываютсяываютсяываютсяываютсяываютсяываютсяываютсяываютсяываютсяываютсяываютсяываютсяываютсяываютсяываютсяываютсяываютсяываютсяываютсяываютсяываютсяываютсяываютсяываютсяываютсяываютсяываютсяываютсяываютсяываютсяываютсяываютсяываютсяываютсяываютсяываютсяываютсяываютсяываютсяываютсяываютсяываютсяываютсяываютсяываютсяываютсяываютсяываютсяываютсяываютсяываютсяываютсяываютсяываютсяываютсяываютсяываютсяываютсяываютсяываютсяываютсяываютсяываютсяываютсяываютсяываютсяываютсяываютсяываютсяываютсяываютсяываютсяываютсяываютсяываютсяываютсяываютсяываютсяываютсяываютсяываютсяываютсяываютсяываютсяываютсяываютсяываютсяываютсяываютсяываютсяываютсяываютсяываютсяываютсяываютсяываютсяываютсяываютсяываютсяываютсяываютсяываютсяываютсяываютсяываютсяываютсяываютсяываютсяываютсяываютсяываютсяываютсяываютсяываютсяываютсяываютсяываютсяываютсяываютсяываютсяываютсяываютсяываютсяываютсяываютсяываютсяываютсяываютсяываютсяываютсяываютсяываютсяываютсяываютсяываютсяываютсяываютсяываютсяываютсяываютсяываютсяываютсяываютсяываютсяываютсяываютсяываютсяываютсяываютсяываютсяываютсяываютсяываютсяываютсяываютсяываютсяываютсяываютсяываютсяываютсяываютсяываютсяываютсяываютсяываютсяываютсяываютсяываютсяываютсяываютсяываютсяываютсяываютсяываютсяываютсяываютсяываютсяываютсяываютсяываютсяываютсяываютсяываютсяываютсяываютсяываютсяываютсяываютсяываютсяываютсяываютсяываютсяываютсяываютсяываютсяываются", "numeric_answer": null, "relative_error": null, "thinking_text": null, "has_tool_call": false, "tool_call": null, "usage": {"prompt_tokens": 125, "completion_tokens": 256, "total_tokens": 381, "token_count_source": "tokenizer"}, "decoding": {"temperature": 0.2, "top_p": null, "top_k": null, "max_tokens": 256, "seed": 42}, "prompt_tokens": 125, "completion_tokens": 256, "total_tokens": 381, "token_count_source": "tokenizer", "diffusion_steps": null, "flops_estimate": null, "flops_arch": null, "flops_model_params": null, "flops_active_params": null, "tokens_non_final": 1, "tokens_reasoning": 0, "tokens_response": 1, "elapsed_seconds": 18.523407697677612, "judgement": "Uncategorized"}
{"id": "taxes_000945", "topic": "taxes", "subtopic": "post_discount_tax", "prompt": "Cart: $23.57, $36.87, $52.49, $25.07 with a 15% store discount. Local sales tax is 7.5% (tax after discount). About how much is the total?", "exact_value": 126.1, "model": "tiiuae/Falcon-H1-7B-Instruct", "provider": "transformers", "response": "Finalются примерно путем вычисления стоимости после скидки и до уплаты налогов согласно следующему плану:ются примерно путем вычисления стоимости после скидки и до уплаты налогов согласно следующему плануются примерно путем вычисления стоимости после скидкиются примерно путем вычисления стоимости послеются примерно путемются примерно путемются примерно путемются примерно путемются примерно путемываются путемываются путемываются путемываются путемываются путемываются путемываются путемываются путемываются путемываются путемываются путемываются путемываются путемываются путемываются путемываются путемываются путемываются путемываются путемываются путемываются путемываются путемываются путемываются путемываются путемываются путемываются путемываются путемываются путемываются путемываются путемываются путемываются путемываются путемываются путемываются путемываются путемываются путемываются путемываются путемываются путемываются путемываются путемываются путемываются путемываются путемываются путемываются путемываются путемываются путемываются путемываются путемываются путемываются путемываются путемываются путемываются путемываются путемываются путемываются путемываются путемываются путемываются путемываются путемываются путемываются путемываются путемываются путемываются путемываются путемываются путемываются путемываются путемываются путемываются путемываются путемываются путемываются путемываются путемываются путемываются путемываются путемываются путемываются путемываются путемываются путемываются путемываются путемываются путем", "numeric_answer": null, "relative_error": null, "thinking_text": null, "has_tool_call": false, "tool_call": null, "usage": {"prompt_tokens": 141, "completion_tokens": 256, "total_tokens": 397, "token_count_source": "tokenizer"}, "decoding": {"temperature": 0.2, "top_p": null, "top_k": null, "max_tokens": 256, "seed": 42}, "prompt_tokens": 141, "completion_tokens": 256, "total_tokens": 397, "token_count_source": "tokenizer", "diffusion_steps": null, "flops_estimate": null, "flops_arch": null, "flops_model_params": null, "flops_active_params": null, "tokens_non_final": 137, "tokens_reasoning": 0, "tokens_response": 137, "elapsed_seconds": 18.423973083496094, "judgement": "Uncategorized"}
{"id": "taxes_000965", "topic": "taxes", "subtopic": "post_discount_tax", "prompt": "Cart: $29.91, $42.03, $30.26 with a 15% store discount. Local sales tax is 6.0% (tax after discount). About how much is the total?", "exact_value": 92.08, "model": "tiiuae/Falcon-H1-7B-Instruct", "provider": "transformers", "response": "Finalютсяываютсяываютсяываютсяываютсяываютсяываютсяываютсяываютсяываютсяываютсяываютсяываютсяываютсяываютсяываютсяываютсяываютсяютсяываютсяываютсяываютсяываютсяываютсяываютсяываютсяываютсяываютсяываютсяываютсяываютсяываютсяываютсяываютсяываютсяываютсяываютсяываютсяываютсяываютсяываютсяываютсяываютсяываютсяываютсяываютсяываютсяываютсяываютсяываютсяываютсяываютсяываютсяываютсяываютсяываютсяываютсяываютсяываютсяываютсяываютсяываютсяываютсяываютсяываютсяываютсяываютсяываютсяываютсяываютсяываютсяываютсяываютсяываютсяываютсяываютсяываютсяываютсяываютсяываютсяываютсяываютсяываютсяываютсяываютсяываютсяываютсяываютсяываютсяываютсяываютсяываютсяываютсяываютсяываютсяываютсяываютсяываютсяываютсяываютсяываютсяываютсяываютсяываютсяываютсяываютсяываютсяываютсяываютсяываютсяываютсяываютсяываютсяываютсяываютсяываютсяываютсяываютсяываютсяываютсяываютсяываютсяываютсяываютсяываютсяываютсяываютсяываютсяываютсяываютсяываютсяываютсяываютсяываютсяываютсяываютсяываютсяываютсяываютсяываютсяываютсяываютсяываютсяываютсяываютсяываютсяываютсяываютсяываютсяываютсяываютсяываютсяываютсяываютсяываютсяываютсяываютсяываютсяываютсяываютсяываютсяываютсяываютсяываютсяываютсяываютсяываютсяываютсяываютсяываютсяываютсяываютсяываютсяываютсяываютсяываютсяываютсяываютсяываютсяываютсяываютсяываютсяываютсяываютсяываютсяываютсяываютсяываютсяываютсяываютсяываютсяываютсяываютсяываютсяываютсяываютсяываютсяываютсяываютсяываютсяываютсяываютсяываютсяываютсяываютсяываютсяываютсяываютсяываютсяываютсяываютсяываютсяываютсяываютсяываютсяываютсяываютсяываютсяываютсяываютсяываютсяываютсяываютсяываютсяываютсяываютсяываютсяываютсяываютсяываютсяываютсяываютсяываютсяываютсяываютсяываютсяываютсяываютсяываютсяываютсяываютсяываютсяываютсяываютсяываютсяываютсяываютсяываютсяываютсяываютсяываютсяываютсяываютсяываютсяываются", "numeric_answer": null, "relative_error": null, "thinking_text": null, "has_tool_call": false, "tool_call": null, "usage": {"prompt_tokens": 133, "completion_tokens": 256, "total_tokens": 389, "token_count_source": "tokenizer"}, "decoding": {"temperature": 0.2, "top_p": null, "top_k": null, "max_tokens": 256, "seed": 42}, "prompt_tokens": 133, "completion_tokens": 256, "total_tokens": 389, "token_count_source": "tokenizer", "diffusion_steps": null, "flops_estimate": null, "flops_arch": null, "flops_model_params": null, "flops_active_params": null, "tokens_non_final": 1, "tokens_reasoning": 0, "tokens_response": 1, "elapsed_seconds": 18.3477201461792, "judgement": "Uncategorized"}
{"id": "taxes_000985", "topic": "taxes", "subtopic": "post_discount_tax", "prompt": "Cart: $14.82, $23.08, $24.88, $58.19, $52.19 with a 15% store discount. Local sales tax is 8.5% (tax after discount). About how much is the total?", "exact_value": 159.7, "model": "tiiuae/Falcon-H1-7B-Instruct", "provider": "transformers", "response": "Finalются примерно путем вычисления суммы стоимости товаров после скидки и затем применения налога на место продажи согласно следующему плану действийются примерно путем вычисления суммы стоимости товаров после скидкиются примерно путем вычисления суммы стоимости товаров послеются примерно путем вычисления суммы стоимостиются примерно путемются примерно путемются примерно путемются примерно путемываются примерно путемываются примерно путемываются примерно путемываются примерно путемются примерно путемются примерно путемются примерно путемются примерно путемются примерно путемются примерно путемются примерно путемются примерно путемются примерно путемются примерно путемются примерно путемются примерно путемются примерно путемются примерно путемются примерно путемются примерно путемются примерно путемются примерно путемются примерно путемются примерно путемются примерно путемются примерно путемются примерно путемются примерно путемются примерно путемются примерно путемются примерно путемются примерно путемются примерно путемются примерно путемются примерно путемются примерно путемются примерно путемются примерно путемются примерно путемются примерно путемются примерно путемются примерно путемются примерно путемются примерно путемются примерно путемются примерно путемются примерно путемются примерно путемются примерно путемются примерно путемются примерно путемются примерно путемются примерно путемются примерно путемются примерно путемются примерно путемются примерно путемются примерно путемются примерно путемются примерно путемются примерно путемются примерно", "numeric_answer": null, "relative_error": null, "thinking_text": null, "has_tool_call": false, "tool_call": null, "usage": {"prompt_tokens": 149, "completion_tokens": 256, "total_tokens": 405, "token_count_source": "tokenizer"}, "decoding": {"temperature": 0.2, "top_p": null, "top_k": null, "max_tokens": 256, "seed": 42}, "prompt_tokens": 149, "completion_tokens": 256, "total_tokens": 405, "token_count_source": "tokenizer", "diffusion_steps": null, "flops_estimate": null, "flops_arch": null, "flops_model_params": null, "flops_active_params": null, "tokens_non_final": 171, "tokens_reasoning": 0, "tokens_response": 171, "elapsed_seconds": 18.4349365234375, "judgement": "Uncategorized"}
{"id": "taxes_001005", "topic": "taxes", "subtopic": "post_discount_tax", "prompt": "Cart: $35.46, $30.01, $32.78, $59.76, $52.25 with a 20% store discount. Local sales tax is 6.0% (tax after discount). About how much is the total?", "exact_value": 178.3, "model": "tiiuae/Falcon-H1-7B-Instruct", "provider": "transformers", "response": "Finalются примерно путем суммирования стоимости товаров и применения скидки и налога согласно условиям задачиются примерно путем суммирования стоимости товаров и применения скидки и налога согласно условиям задачиются примерно путем суммирования стоимости товаров и применения скидкиются примерно путем суммирования стоимости товаров и применения скидкиются примерно путем суммирования стоимости товаровются примерно путем суммирования стоимостиются примерно путем суммированияываются примерно путем суммировываются примерно путем суммировываются примерно путем суммировываются примерно путем суммировываются примерно путем суммировываются примерно путем суммировываются примерно путем суммировываются примерно путем суммировываются примерно путем суммировываются примерно путем суммировываются примерно путем суммировываются примерно путем суммировываются примерно путем суммировываются примерно путем суммировываются примерно путем суммировываются примерно путем суммировываются примерно путем суммировываются примерно путем суммировываются примерно путем суммировываются примерно путем суммировываются примерно путем суммировываются примерно путем суммировываются примерно путем суммировываются примерно путем суммировываются примерно путем суммировываются примерно путем суммировываются примерно путем суммировываются примерно путем суммировываются примерно путем суммировываются примерно путем суммировываются примерно путем суммировываются примерно путем суммировываются примерно путем суммировываются примерно путем", "numeric_answer": null, "relative_error": null, "thinking_text": null, "has_tool_call": false, "tool_call": null, "usage": {"prompt_tokens": 149, "completion_tokens": 256, "total_tokens": 405, "token_count_source": "tokenizer"}, "decoding": {"temperature": 0.2, "top_p": null, "top_k": null, "max_tokens": 256, "seed": 42}, "prompt_tokens": 149, "completion_tokens": 256, "total_tokens": 405, "token_count_source": "tokenizer", "diffusion_steps": null, "flops_estimate": null, "flops_arch": null, "flops_model_params": null, "flops_active_params": null, "tokens_non_final": 156, "tokens_reasoning": 0, "tokens_response": 156, "elapsed_seconds": 18.31120991706848, "judgement": "Uncategorized"}
{"id": "taxes_001025", "topic": "taxes", "subtopic": "post_discount_tax", "prompt": "Cart: $48.98, $51.04, $48.93, $42.06 with a 10% store discount. Local sales tax is 7.0% (tax after discount). About how much is the total?", "exact_value": 183.94, "model": "tiiuae/Falcon-H1-7B-Instruct", "provider": "transformers", "response": "Finalются примерно путем суммирования стоимости всех позиций в корзине и применения скидки и налога согласно условиям задачиются примерно путем суммирования стоимости всех позиций в корзине и применения скидки и налога согласно условиям задачиются примерно путем суммирования стоимости всех позиций в корзине и применения скидки и налога согласно условиям задачиются примерно путем суммирования стоимости всех позиций в корзине и применения скидки и налога согласно условиям задачиются примерно путем суммирования стоимости всех позицийываются примерно путем суммирования стоимости всех позицийываются примерно путем суммирования стоимости всех позицийываются примерно путем суммирования стоимости всех позицийываются примерно путем суммирования стоимости всех позицийываются примерно путем суммирования стоимости всех позицийываются примерно путем суммирования стоимости всех позицийываются примерно путем суммирования стоимости всех позицийываются примерно путем суммирования стоимости всех позицийываются примерно путем суммирования стоимости всех позицийываются примерно путем суммирования стоимости всех позицийываются примерно путем суммирования стоимости всех позицийываются примерно путем суммирования стоимости всех позицийываются примерно путем суммирования стоимости всех позицийываются примерно путем суммирования стоимости всех позицийываются", "numeric_answer": null, "relative_error": null, "thinking_text": null, "has_tool_call": false, "tool_call": null, "usage": {"prompt_tokens": 141, "completion_tokens": 256, "total_tokens": 397, "token_count_source": "tokenizer"}, "decoding": {"temperature": 0.2, "top_p": null, "top_k": null, "max_tokens": 256, "seed": 42}, "prompt_tokens": 141, "completion_tokens": 256, "total_tokens": 397, "token_count_source": "tokenizer", "diffusion_steps": null, "flops_estimate": null, "flops_arch": null, "flops_model_params": null, "flops_active_params": null, "tokens_non_final": 155, "tokens_reasoning": 0, "tokens_response": 155, "elapsed_seconds": 18.3276686668396, "judgement": "Uncategorized"}
{"id": "taxes_001045", "topic": "taxes", "subtopic": "pre_discount_tax", "prompt": "Cart: $7.00, $19.59, $22.19, $24.07, $59.04 with a 15% store discount. Local sales tax is 8.5% (tax calculated before discount). About how much is the total?", "exact_value": 123.32, "model": "tiiuae/Falcon-H1-7B-Instruct", "provider": "transformers", "response": "Finalются примерно путем следования этим шагамются примерно путем следования этим шагамются примерно путем следования этим шагамются примерно путем следования этим шагамются примерно путем следования этим шагамются примерно путем следования этим шагамются примерно путем следования этим шагамются примерно путем следования этим шагамются примерно путем следования этим шагамются примерно путем следования этим шагамются примерно путем следования этим шагамются примерно путем следования этим шагамются примерно путем следования этим шагамются примерно путем следования этим шагамются примерно путем следования этим шагамются примерно путем следования этим шагамются примерно путем следования этим шагамются примерно путем следования этим шагамются примерно путем следования этим шагамются примерно путем следования этим шагамются примерно путем следования этим шагамются примерно путем следования этим шагамются примерно путем следования этим шагамются примерно путем следования этим шагамются примерно путем следования этим шагамются примерно путем следования этим шагамются примерно путем следования этим шагамются примерно путем следования этим шагамются примерно путем следования этим шагамются примерно путем следования этим шагамются примерно путем следования этим шагамются примерно путем следования этим шаг", "numeric_answer": null, "relative_error": null, "thinking_text": null, "has_tool_call": false, "tool_call": null, "usage": {"prompt_tokens": 149, "completion_tokens": 256, "total_tokens": 405, "token_count_source": "tokenizer"}, "decoding": {"temperature": 0.2, "top_p": null, "top_k": null, "max_tokens": 256, "seed": 42}, "prompt_tokens": 149, "completion_tokens": 256, "total_tokens": 405, "token_count_source": "tokenizer", "diffusion_steps": null, "flops_estimate": null, "flops_arch": null, "flops_model_params": null, "flops_active_params": null, "tokens_non_final": 161, "tokens_reasoning": 0, "tokens_response": 161, "elapsed_seconds": 18.37306785583496, "judgement": "Uncategorized"}
{"id": "taxes_001065", "topic": "taxes", "subtopic": "post_discount_tax", "prompt": "Cart: $30.65, $11.90, $49.60, $20.83 with a 15% store discount. Local sales tax is 6.0% (tax after discount). About how much is the total?", "exact_value": 101.79, "model": "tiiuae/Falcon-H1-7B-Instruct", "provider": "transformers", "response": "Finalются примерно путем применения скидки и налога к стоимости каждого товара в корзине согласно следующему плану действийются примерно путем применения скидки и налога к стоимости каждого товараются примерно путем примененияются примерно путем примененияются примерно путем примененияются примерно путем примененияются примерно путем примененияются примерно путем примененияются примерно путем примененияются примерно путем примененияются примерно путем примененияются примерно путем примененияются примерно путем примененияются примерно путем примененияются примерно путем примененияются примерно путем примененияются примерно путем примененияются примерно путем примененияются примерно путем примененияются примерно путем примененияются примерно путем примененияются примерно путем примененияются примерно путем примененияются примерно путем примененияются примерно путем примененияются примерно путем примененияются примерно путем примененияются примерно путем примененияются примерно путем примененияются примерно путем примененияются примерно путем примененияются примерно путем примененияются примерно путем примененияются примерно путем примененияются примерно путем примененияются примерно путем примененияются примерно путем примененияются примерно путем примененияются примерно путем примененияются примерно путем примененияются примерно путем примененияются примерно путем примененияются примерно путем примененияются примерно путем примененияются примерно путем примененияются примерно путем примененияются примерно путем примененияются примерно путем примененияются примерно путем примененияются примерно путем примененияются примерно путем примененияются примерно путем примененияются примерно путем примененияются примерно путем примененияются примерно путем примененияются примерно путем", "numeric_answer": null, "relative_error": null, "thinking_text": null, "has_tool_call": false, "tool_call": null, "usage": {"prompt_tokens": 141, "completion_tokens": 256, "total_tokens": 397, "token_count_source": "tokenizer"}, "decoding": {"temperature": 0.2, "top_p": null, "top_k": null, "max_tokens": 256, "seed": 42}, "prompt_tokens": 141, "completion_tokens": 256, "total_tokens": 397, "token_count_source": "tokenizer", "diffusion_steps": null, "flops_estimate": null, "flops_arch": null, "flops_model_params": null, "flops_active_params": null, "tokens_non_final": 188, "tokens_reasoning": 0, "tokens_response": 188, "elapsed_seconds": 18.299337148666382, "judgement": "Uncategorized"}
{"id": "taxes_001085", "topic": "taxes", "subtopic": "pre_discount_tax", "prompt": "Cart: $51.75, $41.44, $42.58 with a 15% store discount. Local sales tax is 6.0% (tax calculated before discount). About how much is the total?", "exact_value": 123.55, "model": "tiiuae/Falcon-H1-7B-Instruct", "provider": "transformers", "response": "Finalютсяываютсяываютсяываютсяываютсяываютсяываютсяываютсяываютсяываютсяываютсяываютсяываютсяываютсяываютсяываютсяываютсяываютсяываютсяываютсяываютсяываютсяываютсяываютсяываютсяываютсяываютсяываютсяываютсяываютсяываютсяываютсяываютсяываютсяываютсяываютсяываютсяываютсяываютсяываютсяываютсяываютсяываютсяываютсяываютсяываютсяываютсяываютсяываютсяываютсяываютсяываютсяываютсяываютсяываютсяываютсяываютсяываютсяываютсяываютсяываютсяываютсяываютсяываютсяываютсяываютсяываютсяываютсяываютсяываютсяываютсяываютсяываютсяываютсяываютсяываютсяываютсяываютсяываютсяываютсяываютсяываютсяываютсяываютсяываютсяываютсяываютсяываютсяываютсяываютсяываютсяываютсяываютсяываютсяываютсяываютсяываютсяываютсяываютсяываютсяываютсяываютсяываютсяываютсяываютсяываютсяываютсяываютсяываютсяываютсяываютсяываютсяываютсяываютсяываютсяываютсяываютсяываютсяываютсяываютсяываютсяываютсяываютсяываютсяываютсяываютсяываютсяываютсяываютсяываютсяываютсяываютсяываютсяываютсяываютсяываютсяываютсяываютсяываютсяываютсяываютсяываютсяываютсяываютсяываютсяываютсяываютсяываютсяываютсяываютсяываютсяываютсяываютсяываютсяываютсяываютсяываютсяываютсяываютсяываютсяываютсяываютсяываютсяываютсяываютсяываютсяываютсяываютсяываютсяываютсяываютсяываютсяываютсяываютсяываютсяываютсяываютсяываютсяываютсяываютсяываютсяываютсяываютсяываютсяываютсяываютсяываютсяываютсяываютсяываютсяываютсяываютсяываютсяываютсяываютсяываютсяываютсяываютсяываютсяываютсяываютсяываютсяываютсяываютсяываютсяываютсяываютсяываютсяываютсяываютсяываютсяываютсяываютсяываютсяываютсяываютсяываютсяываютсяываютсяываютсяываютсяываютсяываютсяываютсяываютсяываютсяываютсяываютсяываютсяываютсяываютсяываютсяываютсяываютсяываютсяываютсяываютсяываютсяываютсяываютсяываютсяываютсяываютсяываютсяываютсяываютсяываютсяываютсяываютсяываютсяываютсяываютсяываютсяываютсяываются", "numeric_answer": null, "relative_error": null, "thinking_text": null, "has_tool_call": false, "tool_call": null, "usage": {"prompt_tokens": 134, "completion_tokens": 256, "total_tokens": 390, "token_count_source": "tokenizer"}, "decoding": {"temperature": 0.2, "top_p": null, "top_k": null, "max_tokens": 256, "seed": 42}, "prompt_tokens": 134, "completion_tokens": 256, "total_tokens": 390, "token_count_source": "tokenizer", "diffusion_steps": null, "flops_estimate": null, "flops_arch": null, "flops_model_params": null, "flops_active_params": null, "tokens_non_final": 1, "tokens_reasoning": 0, "tokens_response": 1, "elapsed_seconds": 18.27949547767639, "judgement": "Uncategorized"}
{"id": "taxes_001105", "topic": "taxes", "subtopic": "post_discount_tax", "prompt": "Cart: $35.89, $11.55 with a 15% store discount. Local sales tax is 6.0% (tax after discount). About how much is the total?", "exact_value": 42.74, "model": "tiiuae/Falcon-H1-7B-Instruct", "provider": "transformers", "response": "Finalютсяываютсяываютсяываютсяываютсяываютсяываютсяываютсяываютсяываютсяываютсяываютсяываютсяываютсяываютсяываютсяываютсяываютсяываютсяываютсяываютсяываютсяываютсяываютсяываютсяываютсяываютсяываютсяываютсяываютсяываютсяываютсяываютсяываютсяываютсяываютсяываютсяываютсяываютсяываютсяываютсяываютсяываютсяываютсяываютсяываютсяываютсяываютсяываютсяываютсяываютсяываютсяываютсяываютсяываютсяываютсяываютсяываютсяываютсяываютсяываютсяываютсяываютсяываютсяываютсяываютсяываютсяываютсяываютсяываютсяываютсяываютсяываютсяываютсяываютсяываютсяываютсяываютсяываютсяываютсяываютсяываютсяываютсяываютсяываютсяываютсяываютсяываютсяываютсяываютсяываютсяываютсяываютсяываютсяываютсяываютсяываютсяываютсяываютсяываютсяываютсяываютсяываютсяываютсяываютсяываютсяываютсяываютсяываютсяываютсяываютсяываютсяываютсяываютсяываютсяываютсяываютсяываютсяываютсяываютсяываютсяываютсяываютсяываютсяываютсяываютсяываютсяываютсяываютсяываютсяываютсяываютсяываютсяываютсяываютсяываютсяываютсяываютсяываютсяываютсяываютсяываютсяываютсяываютсяываютсяываютсяываютсяываютсяываютсяываютсяываютсяываютсяываютсяываютсяываютсяываютсяываютсяываютсяываютсяываютсяываютсяываютсяываютсяываютсяываютсяываютсяываютсяываютсяываютсяываютсяываютсяываютсяываютсяываютсяываютсяываютсяываютсяываютсяываютсяываютсяываютсяываютсяываютсяываютсяываютсяываютсяываютсяываютсяываютсяываютсяываютсяываютсяываютсяываютсяываютсяываютсяываютсяываютсяываютсяываютсяываютсяываютсяываютсяываютсяываютсяываютсяываютсяываютсяываютсяываютсяываютсяываютсяываютсяываютсяываютсяываютсяываютсяываютсяываютсяываютсяываютсяываютсяываютсяываютсяываютсяываютсяываютсяываютсяываютсяываютсяываютсяываютсяываютсяываютсяываютсяываютсяываютсяываютсяываютсяываютсяываютсяываютсяываютсяываютсяываютсяываютсяываютсяываютсяываютсяываютсяываютсяываютсяываютсяываютсяываются", "numeric_answer": null, "relative_error": null, "thinking_text": null, "has_tool_call": false, "tool_call": null, "usage": {"prompt_tokens": 125, "completion_tokens": 256, "total_tokens": 381, "token_count_source": "tokenizer"}, "decoding": {"temperature": 0.2, "top_p": null, "top_k": null, "max_tokens": 256, "seed": 42}, "prompt_tokens": 125, "completion_tokens": 256, "total_tokens": 381, "token_count_source": "tokenizer", "diffusion_steps": null, "flops_estimate": null, "flops_arch": null, "flops_model_params": null, "flops_active_params": null, "tokens_non_final": 1, "tokens_reasoning": 0, "tokens_response": 1, "elapsed_seconds": 18.26748275756836, "judgement": "Uncategorized"}
{"id": "taxes_001125", "topic": "taxes", "subtopic": "post_discount_tax", "prompt": "Cart: $33.29, $22.97, $51.18 with a 20% store discount. Local sales tax is 8.5% (tax after discount). About how much is the total?", "exact_value": 93.26, "model": "tiiuae/Falcon-H1-7B-Instruct", "provider": "transformers", "response": "Finalются примерно путем вычисления стоимости корзины после скидки и затем применения налога на месте продажи согласно следующему плану действийются примерно путем вычисления стоимости корзины после скидки и затем применения налога на месте продажи согласно следующему плану действийются примерно путем вычисления стоимости корзины после скидкиются примерно путем вычисления стоимости корзины после скидкиются примерно путем вычисления стоимости корзины послеются примерно путем вычисления стоимости корзины послеются примерно путем вычисления стоимости корзиныются примерно путемются примерно путемются примерно путемются примерно путемываются примерно путемываются примерно путемываются примерно путемются примерно путемются примерно путемются примерно путемются примерно путемются примерно путемются примерно путемются примерно путемются примерно путемются примерно путемются примерно путемются примерно путемются примерно путемются примерно путемются примерно путемются примерно путемются примерно путемются примерно путемются примерно путемются примерно путемются примерно путемются примерно путемются примерно путемются примерно путемются примерно путемются примерно путемются примерно путемются примерно путемются примерно путемются примерно путемются примерно путемются примерно путемются примерно путемются примерно путемются примерно путемются примерно путемются примерно путемются примерно путемются примерно путемются примерно путемются", "numeric_answer": null, "relative_error": null, "thinking_text": null, "has_tool_call": false, "tool_call": null, "usage": {"prompt_tokens": 133, "completion_tokens": 256, "total_tokens": 389, "token_count_source": "tokenizer"}, "decoding": {"temperature": 0.2, "top_p": null, "top_k": null, "max_tokens": 256, "seed": 42}, "prompt_tokens": 133, "completion_tokens": 256, "total_tokens": 389, "token_count_source": "tokenizer", "diffusion_steps": null, "flops_estimate": null, "flops_arch": null, "flops_model_params": null, "flops_active_params": null, "tokens_non_final": 160, "tokens_reasoning": 0, "tokens_response": 160, "elapsed_seconds": 18.816142797470093, "judgement": "Uncategorized"}
{"id": "taxes_001145", "topic": "taxes", "subtopic": "pre_discount_tax", "prompt": "Cart: $20.48, $7.68, $10.58, $20.51, $20.54 with a 10% store discount. Local sales tax is 7.5% (tax calculated before discount). About how much is the total?", "exact_value": 77.8, "model": "tiiuae/Falcon-H1-7B-Instruct", "provider": "transformers", "response": "Finalются примерно путем следования этим шагам:ются примерно путем следования этим шагамются примерно путем следования этим шагамются примерно путем следования этим шагамются примерно путем следования этим шагамются примерно путем следования этим шагамются примерно путем следования этим шагамются примерно путем следования этим шагамются примерно путем следования этим шагамются примерно путем следования этим шагамются примерно путем следования этим шагамются примерно путем следования этим шагамются примерно путем следования этим шагамются примерно путем следования этим шагамются примерно путем следования этим шагамются примерно путем следования этим шагамются примерно путем следования этим шагамются примерно путем следования этим шагамются примерно путем следования этим шагамются примерно путем следования этим шагамются примерно путем следования этим шагамются примерно путем следования этим шагамются примерно путем следования этим шагамются примерно путем следования этим шагамются примерно путем следования этим шагамются примерно путем следования этим шагамются примерно путем следования этим шагамются примерно путем следования этим шагамются примерно путем следования этим шагамются примерно путем следования этим шагамются примерно путем следования этим шагамются примерно путем следования этим", "numeric_answer": null, "relative_error": null, "thinking_text": null, "has_tool_call": false, "tool_call": null, "usage": {"prompt_tokens": 149, "completion_tokens": 256, "total_tokens": 405, "token_count_source": "tokenizer"}, "decoding": {"temperature": 0.2, "top_p": null, "top_k": null, "max_tokens": 256, "seed": 42}, "prompt_tokens": 149, "completion_tokens": 256, "total_tokens": 405, "token_count_source": "tokenizer", "diffusion_steps": null, "flops_estimate": null, "flops_arch": null, "flops_model_params": null, "flops_active_params": null, "tokens_non_final": 160, "tokens_reasoning": 0, "tokens_response": 160, "elapsed_seconds": 18.79247760772705, "judgement": "Uncategorized"}
{"id": "taxes_001165", "topic": "taxes", "subtopic": "post_discount_tax", "prompt": "Cart: $14.32, $41.58 with a 20% store discount. Local sales tax is 8.0% (tax after discount). About how much is the total?", "exact_value": 48.3, "model": "tiiuae/Falcon-H1-7B-Instruct", "provider": "transformers", "response": "Finalютсяываютсяываютсяываютсяываютсяываютсяываютсяываютсяываютсяываютсяываютсяываютсяываютсяываютсяываютсяываютсяываютсяываютсяываютсяываютсяываютсяываютсяываютсяываютсяываютсяываютсяываютсяываютсяываютсяываютсяываютсяываютсяываютсяываютсяываютсяываютсяываютсяываютсяываютсяываютсяываютсяываютсяываютсяываютсяываютсяываютсяываютсяываютсяываютсяываютсяываютсяываютсяываютсяываютсяываютсяываютсяываютсяываютсяываютсяываютсяываютсяываютсяываютсяываютсяываютсяываютсяываютсяываютсяываютсяываютсяываютсяываютсяываютсяываютсяываютсяываютсяываютсяываютсяываютсяываютсяываютсяываютсяываютсяываютсяываютсяываютсяываютсяываютсяываютсяываютсяываютсяываютсяываютсяываютсяываютсяываютсяываютсяываютсяываютсяываютсяываютсяываютсяываютсяываютсяываютсяываютсяываютсяываютсяываютсяываютсяываютсяываютсяываютсяываютсяываютсяываютсяываютсяываютсяываютсяываютсяываютсяываютсяываютсяываютсяываютсяываютсяываютсяываютсяываютсяываютсяываютсяываютсяываютсяываютсяываютсяываютсяываютсяываютсяываютсяываютсяываютсяываютсяываютсяываютсяываютсяываютсяываютсяываютсяываютсяываютсяываютсяываютсяываютсяываютсяываютсяываютсяываютсяываютсяываютсяываютсяываютсяываютсяываютсяываютсяываютсяываютсяываютсяываютсяываютсяываютсяываютсяываютсяываютсяываютсяываютсяываютсяываютсяываютсяываютсяываютсяываютсяываютсяываютсяываютсяываютсяываютсяываютсяываютсяываютсяываютсяываютсяываютсяываютсяываютсяываютсяываютсяываютсяываютсяываютсяываютсяываютсяываютсяываютсяываютсяываютсяываютсяываютсяываютсяываютсяываютсяываютсяываютсяываютсяываютсяываютсяываютсяываютсяываютсяываютсяываютсяываютсяываютсяываютсяываютсяываютсяываютсяываютсяываютсяываютсяываютсяываютсяываютсяываютсяываютсяываютсяываютсяываютсяываютсяываютсяываютсяываютсяываютсяываютсяываютсяываютсяываютсяываютсяываютсяываютсяываютсяываютсяываютсяываютсяываютсяываются", "numeric_answer": null, "relative_error": null, "thinking_text": null, "has_tool_call": false, "tool_call": null, "usage": {"prompt_tokens": 125, "completion_tokens": 256, "total_tokens": 381, "token_count_source": "tokenizer"}, "decoding": {"temperature": 0.2, "top_p": null, "top_k": null, "max_tokens": 256, "seed": 42}, "prompt_tokens": 125, "completion_tokens": 256, "total_tokens": 381, "token_count_source": "tokenizer", "diffusion_steps": null, "flops_estimate": null, "flops_arch": null, "flops_model_params": null, "flops_active_params": null, "tokens_non_final": 1, "tokens_reasoning": 0, "tokens_response": 1, "elapsed_seconds": 18.783894538879395, "judgement": "Uncategorized"}
{"id": "taxes_001185", "topic": "taxes", "subtopic": "pre_discount_tax", "prompt": "Cart: $17.11, $15.84 with a 15% store discount. Local sales tax is 6.0% (tax calculated before discount). About how much is the total?", "exact_value": 29.98, "model": "tiiuae/Falcon-H1-7B-Instruct", "provider": "transformers", "response": "Finalютсяываютсяываютсяываютсяываютсяываютсяываютсяываютсяываютсяываютсяываютсяываютсяываютсяываютсяываютсяываютсяываютсяываютсяываютсяываютсяываютсяываютсяываютсяываютсяываютсяываютсяываютсяываютсяываютсяываютсяываютсяываютсяываютсяываютсяываютсяываютсяываютсяываютсяываютсяываютсяываютсяываютсяываютсяываютсяываютсяываютсяываютсяываютсяываютсяываютсяываютсяываютсяываютсяываютсяываютсяываютсяываютсяываютсяываютсяываютсяываютсяываютсяываютсяываютсяываютсяываютсяываютсяываютсяываютсяываютсяываютсяываютсяываютсяываютсяываютсяываютсяываютсяываютсяываютсяываютсяываютсяываютсяываютсяываютсяываютсяываютсяываютсяываютсяываютсяываютсяываютсяываютсяываютсяываютсяываютсяываютсяываютсяываютсяываютсяываютсяываютсяываютсяываютсяываютсяываютсяываютсяываютсяываютсяываютсяываютсяываютсяываютсяываютсяываютсяываютсяываютсяываютсяываютсяываютсяываютсяываютсяываютсяываютсяываютсяываютсяываютсяываютсяываютсяываютсяываютсяываютсяываютсяываютсяываютсяываютсяываютсяываютсяываютсяываютсяываютсяываютсяываютсяываютсяываютсяываютсяываютсяываютсяываютсяываютсяываютсяываютсяываютсяываютсяываютсяываютсяываютсяываютсяываютсяываютсяываютсяываютсяываютсяываютсяываютсяываютсяываютсяываютсяываютсяываютсяываютсяываютсяываютсяываютсяываютсяываютсяываютсяываютсяываютсяываютсяываютсяываютсяываютсяываютсяываютсяываютсяываютсяываютсяываютсяываютсяываютсяываютсяываютсяываютсяываютсяываютсяываютсяываютсяываютсяываютсяываютсяываютсяываютсяываютсяываютсяываютсяываютсяываютсяываютсяываютсяываютсяываютсяываютсяываютсяываютсяываютсяываютсяываютсяываютсяываютсяываютсяываютсяываютсяываютсяываютсяываютсяываютсяываютсяываютсяываютсяываютсяываютсяываютсяываютсяываютсяываютсяываютсяываютсяываютсяываютсяываютсяываютсяываютсяываютсяываютсяываютсяываютсяываютсяываютсяываютсяываютсяываютсяываютсяываютсяываютсяываются", "numeric_answer": null, "relative_error": null, "thinking_text": null, "has_tool_call": false, "tool_call": null, "usage": {"prompt_tokens": 126, "completion_tokens": 256, "total_tokens": 382, "token_count_source": "tokenizer"}, "decoding": {"temperature": 0.2, "top_p": null, "top_k": null, "max_tokens": 256, "seed": 42}, "prompt_tokens": 126, "completion_tokens": 256, "total_tokens": 382, "token_count_source": "tokenizer", "diffusion_steps": null, "flops_estimate": null, "flops_arch": null, "flops_model_params": null, "flops_active_params": null, "tokens_non_final": 1, "tokens_reasoning": 0, "tokens_response": 1, "elapsed_seconds": 18.55376434326172, "judgement": "Uncategorized"}
{"id": "taxes_001205", "topic": "taxes", "subtopic": "pre_discount_tax", "prompt": "Cart: $16.90, $53.37, $54.66, $11.44, $18.23 with a 20% store discount. Local sales tax is 8.0% (tax calculated before discount). About how much is the total?", "exact_value": 136.05, "model": "tiiuae/Falcon-H1-7B-Instruct", "provider": "transformers", "response": "Finalются примерно путем следования этим шагам согласно правилам и порядку операцийются путем следования этим шагам согласно правилам и порядку операцийются путем следования этим шагам согласно правилам и порядку операцийются путем следования этим шагам согласно правилам и порядку операцийются путем следования этим шагам согласно правилам и порядку операцийются путем следования этим шагам согласно правилам и порядку операцийются путем следования этим шагам согласно правилам и порядку операцийются путем следования этим шагам согласно правилам и порядку операцийются путем следования этим шагам согласно правилам и порядку операцийются путем следования этим шагам согласно правилам и порядку операцийются путем следования этим шагам согласно правилам и порядку операцийются путем следования этим шагам согласно правилам и порядку операцийются путем следования этим шагам согласно правилам и порядку операцийываются путем следования этим шагам согласно правилам и порядку операцийываются путем следования этим шагам согласно правилам и порядку операцийываются путем следования этим шагам согласно правилам и порядку операцийываются путем следования этим шагам согласно правилам и порядку операцийываются путем следования этим шагам согласно правилам и порядку операцийываются путем", "numeric_answer": null, "relative_error": null, "thinking_text": null, "has_tool_call": false, "tool_call": null, "usage": {"prompt_tokens": 150, "completion_tokens": 256, "total_tokens": 406, "token_count_source": "tokenizer"}, "decoding": {"temperature": 0.2, "top_p": null, "top_k": null, "max_tokens": 256, "seed": 42}, "prompt_tokens": 150, "completion_tokens": 256, "total_tokens": 406, "token_count_source": "tokenizer", "diffusion_steps": null, "flops_estimate": null, "flops_arch": null, "flops_model_params": null, "flops_active_params": null, "tokens_non_final": 165, "tokens_reasoning": 0, "tokens_response": 165, "elapsed_seconds": 18.487323999404907, "judgement": "Uncategorized"}
{"id": "taxes_001225", "topic": "taxes", "subtopic": "pre_discount_tax", "prompt": "Cart: $48.12, $37.76, $8.24 with a 10% store discount. Local sales tax is 8.5% (tax calculated before discount). About how much is the total?", "exact_value": 92.71, "model": "tiiuae/Falcon-H1-7B-Instruct", "provider": "transformers", "response": "Finalются примерно путем последовательного применения налога и скидки согласно условиям задачиются примерно путем последовательного применения налога и скидки согласно условиям задачиются примерно путем последовательного применения налога и скидки согласно условиям задачиются примерно путем последовательного применения налога и скидки согласно условиям задачиются примерно путем последовательного применения налога и скидки согласно условиям задачиются примерно путем последовательного применения налога и скидки согласно условиям задачиются примерно путем последовательного применения налога и скидки согласно условиям задачиются примерно путем последовательного применения налога иются примерно путем последовательного применения налогаются примерно путем последовательного примененияются примерно путем последовательного примененияются примерно путем последовательного примененияются примерно путем последовательного примененияются примерно путем последовательного примененияются примерно путем последовательного примененияются примерно путем последовательного примененияются примерно путем последовательного примененияются примерно путем последовательного примененияются примерно путем последовательного примененияются примерно путем последовательного примененияются примерно путем последовательного примененияются примерно путем последовательного примененияются примерно путем последовательного примененияются примерно путем последовательного примененияются примерно путем последовательного примененияются примерно путем последовательного примененияются примерно путем последовательного примененияются примерно путем последовательного примененияются примерно путем последовательного примененияются примерно путем последовательного применения", "numeric_answer": null, "relative_error": null, "thinking_text": null, "has_tool_call": false, "tool_call": null, "usage": {"prompt_tokens": 133, "completion_tokens": 256, "total_tokens": 389, "token_count_source": "tokenizer"}, "decoding": {"temperature": 0.2, "top_p": null, "top_k": null, "max_tokens": 256, "seed": 42}, "prompt_tokens": 133, "completion_tokens": 256, "total_tokens": 389, "token_count_source": "tokenizer", "diffusion_steps": null, "flops_estimate": null, "flops_arch": null, "flops_model_params": null, "flops_active_params": null, "tokens_non_final": 166, "tokens_reasoning": 0, "tokens_response": 166, "elapsed_seconds": 18.325344562530518, "judgement": "Uncategorized"}
{"id": "taxes_001245", "topic": "taxes", "subtopic": "post_discount_tax", "prompt": "Cart: $16.15, $46.13, $29.68, $11.10 with a 20% store discount. Local sales tax is 8.0% (tax after discount). About how much is the total?", "exact_value": 89.04, "model": "tiiuae/Falcon-H1-7B-Instruct", "provider": "transformers", "response": "Finalются примерно путем подсчета стоимости корзины после скидки и затем применения налога на место продажи согласно следующему плануührtwicklungwicklungwicklungwicklungwicklungwicklungwicklungwicklungwicklungwicklungwicklungwicklungwicklungwicklungwicklungwicklungwicklungwicklungwicklungwicklungwicklungwicklungwicklungwicklungwicklungwicklungwicklungwicklungwicklungwicklungwicklungwicklungwicklungwicklungwicklungwicklungwicklungwicklungwicklungwicklungwicklungwicklungwicklungwicklungwicklungwicklungwicklungwicklungwicklungwicklungwicklungwicklungwicklungwicklungwicklungwicklungwicklungwicklungwicklungwicklungwicklungwicklungwicklungwicklungwicklungwicklungwicklungwicklungwicklungwicklungwicklungwicklungwicklungwicklungwicklungwicklungwicklungwicklungwicklungwicklungwicklungwicklungwicklungwicklungwicklungwicklungwicklungwicklungwicklungwicklungwicklungwicklungwicklungwicklungwicklungwicklungwicklungwicklungwicklungwicklungwicklungwicklungwicklungwicklungwicklungwicklungwicklungwicklungwicklungwicklungwicklungwicklungwicklungwicklungwicklungwicklungwicklungwicklungwicklungwicklungwicklungwicklungwicklungwicklungwicklungwicklungwicklungwicklungwicklungwicklungwicklungwicklungwicklungwicklungwicklungwicklungwicklungwicklungwicklungwicklungwicklungwicklungwicklungwicklungwicklungwicklungwicklungwicklungwicklungwicklungwicklungwicklungwicklungwicklungwicklungwicklungwicklungwicklungwicklungwicklungwicklungwicklungwicklungwicklungwicklungwicklungwicklungwicklungwicklungwicklungwicklungwicklungwicklungwicklungwicklungwicklungwicklungwicklungwicklungwicklungwicklungwicklungwicklungwicklungwicklungwicklungwicklungwicklungwicklungwicklungwicklungwicklungwicklungwicklungwicklungwicklungwicklungwicklungwicklungwicklungwicklungwicklungwicklungwicklungwicklungwicklungwicklungwicklungwicklungwicklungwicklungwicklungwicklungwicklungwicklungwicklungwicklungwicklungwicklungwicklungwicklungwicklungwicklungwicklungwicklungwicklungwicklung", "numeric_answer": null, "relative_error": null, "thinking_text": null, "has_tool_call": false, "tool_call": null, "usage": {"prompt_tokens": 141, "completion_tokens": 256, "total_tokens": 397, "token_count_source": "tokenizer"}, "decoding": {"temperature": 0.2, "top_p": null, "top_k": null, "max_tokens": 256, "seed": 42}, "prompt_tokens": 141, "completion_tokens": 256, "total_tokens": 397, "token_count_source": "tokenizer", "diffusion_steps": null, "flops_estimate": null, "flops_arch": null, "flops_model_params": null, "flops_active_params": null, "tokens_non_final": 18, "tokens_reasoning": 0, "tokens_response": 18, "elapsed_seconds": 18.4621684551239, "judgement": "Uncategorized"}
{"id": "taxes_001265", "topic": "taxes", "subtopic": "pre_discount_tax", "prompt": "Cart: $5.07, $49.02, $21.35, $52.81. Local sales tax is 8.5% (tax calculated before discount). About how much is the total?", "exact_value": 139.15, "model": "tiiuae/Falcon-H1-7B-Instruct", "provider": "transformers", "response": "Finalются примерно путем суммирования стоимости позиций и затем применения налога путем увеличения суммы примерно на процент налога путем умножения суммы примерно на утся примерно путем суммирования стоимости позиций и затем применения налога путем увеличения суммы примерно на процент налога путем умножения суммы примерно на ются примерно путем суммирования стоимости позиций и затем применения налога путем увеличения суммы примерно на процент налога путем умножения суммы примерно на ются примерно путем суммирования стоимости позиций и затем применения налога путем увеличения суммы примерно на процент налога путем умножения суммы примерно на процент налога путем умножения суммы примерно на процент налога путем умножения суммы примерно на процент налога путем умножения суммы примерно на процент налога путем умножения суммы примерно на процент налога путем умножения суммы примерно на процент налога путем умножения суммы примерно на процент налога путем умножения суммы примерноются примерно путем суммирования стоимости позиций и затем применения налога путем увеличения суммы примерноются примерно путем суммирования стоимости позиций и затем применения налога путем увеличения суммы примерноются примерно путем суммирования стоимости позиций и затем применения налога", "numeric_answer": null, "relative_error": null, "thinking_text": null, "has_tool_call": false, "tool_call": null, "usage": {"prompt_tokens": 133, "completion_tokens": 256, "total_tokens": 389, "token_count_source": "tokenizer"}, "decoding": {"temperature": 0.2, "top_p": null, "top_k": null, "max_tokens": 256, "seed": 42}, "prompt_tokens": 133, "completion_tokens": 256, "total_tokens": 389, "token_count_source": "tokenizer", "diffusion_steps": null, "flops_estimate": null, "flops_arch": null, "flops_model_params": null, "flops_active_params": null, "tokens_non_final": 171, "tokens_reasoning": 0, "tokens_response": 171, "elapsed_seconds": 18.930710554122925, "judgement": "Uncategorized"}
{"id": "taxes_001285", "topic": "taxes", "subtopic": "pre_discount_tax", "prompt": "Cart: $23.28, $56.47 with a 10% store discount. Local sales tax is 7.0% (tax calculated before discount). About how much is the total?", "exact_value": 77.36, "model": "tiiuae/Falcon-H1-7B-Instruct", "provider": "transformers", "response": "Finalютсяываютсяываютсяываютсяываютсяываютсяываютсяываютсяываютсяываютсяываютсяываютсяываютсяываютсяываютсяываютсяываютсяываютсяываютсяываютсяываютсяываютсяываютсяываютсяываютсяываютсяываютсяываютсяываютсяываютсяываютсяываютсяываютсяываютсяываютсяываютсяываютсяываютсяываютсяываютсяываютсяываютсяываютсяываютсяываютсяываютсяываютсяываютсяываютсяываютсяываютсяываютсяываютсяываютсяываютсяываютсяываютсяываютсяываютсяываютсяываютсяываютсяываютсяываютсяываютсяываютсяываютсяываютсяываютсяываютсяываютсяываютсяываютсяываютсяываютсяываютсяываютсяываютсяываютсяываютсяываютсяываютсяываютсяываютсяываютсяываютсяываютсяываютсяываютсяываютсяываютсяываютсяываютсяываютсяываютсяываютсяываютсяываютсяываютсяываютсяываютсяываютсяываютсяываютсяываютсяываютсяываютсяываютсяываютсяываютсяываютсяываютсяываютсяываютсяываютсяываютсяываютсяываютсяываютсяываютсяываютсяываютсяываютсяываютсяываютсяываютсяываютсяываютсяываютсяываютсяываютсяываютсяываютсяываютсяываютсяываютсяываютсяываютсяываютсяываютсяываютсяываютсяываютсяываютсяываютсяываютсяываютсяываютсяываютсяываютсяываютсяываютсяываютсяываютсяываютсяываютсяываютсяываютсяываютсяываютсяываютсяываютсяываютсяываютсяываютсяываютсяываютсяываютсяываютсяываютсяываютсяываютсяываютсяываютсяываютсяываютсяываютсяываютсяываютсяываютсяываютсяываютсяываютсяываютсяываютсяываютсяываютсяываютсяываютсяываютсяываютсяываютсяываютсяываютсяываютсяываютсяываютсяываютсяываютсяываютсяываютсяываютсяываютсяываютсяываютсяываютсяываютсяываютсяываютсяываютсяываютсяываютсяываютсяываютсяываютсяываютсяываютсяываютсяываютсяываютсяываютсяываютсяываютсяываютсяываютсяываютсяываютсяываютсяываютсяываютсяываютсяываютсяываютсяываютсяываютсяываютсяываютсяываютсяываютсяываютсяываютсяываютсяываютсяываютсяываютсяываютсяываютсяываютсяываютсяываютсяываютсяываютсяываютсяываютсяываются", "numeric_answer": null, "relative_error": null, "thinking_text": null, "has_tool_call": false, "tool_call": null, "usage": {"prompt_tokens": 126, "completion_tokens": 256, "total_tokens": 382, "token_count_source": "tokenizer"}, "decoding": {"temperature": 0.2, "top_p": null, "top_k": null, "max_tokens": 256, "seed": 42}, "prompt_tokens": 126, "completion_tokens": 256, "total_tokens": 382, "token_count_source": "tokenizer", "diffusion_steps": null, "flops_estimate": null, "flops_arch": null, "flops_model_params": null, "flops_active_params": null, "tokens_non_final": 1, "tokens_reasoning": 0, "tokens_response": 1, "elapsed_seconds": 18.677170753479004, "judgement": "Uncategorized"}
{"id": "taxes_001305", "topic": "taxes", "subtopic": "post_discount_tax", "prompt": "Cart: $32.63, $47.64, $21.83, $42.07. Local sales tax is 7.5% (tax after discount). About how much is the total?", "exact_value": 154.98, "model": "tiiuae/Falcon-H1-7B-Instruct", "provider": "transformers", "response": "Finalютсяываютсяываютсяываютсяываютсяываютсяываютсяываютсяываютсяываютсяываютсяываютсяываютсяываютсяываютсяываютсяываютсяываютсяываютсяываютсяываютсяываютсяываютсяываютсяываютсяываютсяываютсяываютсяываютсяываютсяываютсяываютсяываютсяываютсяываютсяываютсяываютсяываютсяываютсяываютсяываютсяываютсяываютсяываютсяываютсяываютсяываютсяываютсяываютсяываютсяываютсяываютсяываютсяываютсяываютсяываютсяываютсяываютсяываютсяываютсяываютсяываютсяываютсяываютсяываютсяываютсяываютсяываютсяываютсяываютсяываютсяываютсяываютсяываютсяываютсяываютсяываютсяываютсяываютсяываютсяываютсяываютсяываютсяываютсяываютсяываютсяываютсяываютсяываютсяываютсяываютсяываютсяываютсяываютсяываютсяываютсяываютсяываютсяываютсяываютсяываютсяываютсяываютсяываютсяываютсяываютсяываютсяываютсяываютсяываютсяываютсяываютсяываютсяываютсяываютсяываютсяываютсяываютсяываютсяываютсяываютсяываютсяываютсяываютсяываютсяываютсяываютсяываютсяываютсяываютсяываютсяываютсяываютсяываютсяываютсяываютсяываютсяываютсяываютсяываютсяываютсяываютсяываютсяываютсяываютсяываютсяываютсяываютсяываютсяываютсяываютсяываютсяываютсяываютсяываютсяываютсяываютсяываютсяываютсяываютсяываютсяываютсяываютсяываютсяываютсяываютсяываютсяываютсяываютсяываютсяываютсяываютсяываютсяываютсяываютсяываютсяываютсяываютсяываютсяываютсяываютсяываютсяываютсяываютсяываютсяываютсяываютсяываютсяываютсяываютсяываютсяываютсяываютсяываютсяываютсяываютсяываютсяываютсяываютсяываютсяываютсяываютсяываютсяываютсяываютсяываютсяываютсяываютсяываютсяываютсяываютсяываютсяываютсяываютсяываютсяываютсяываютсяываютсяываютсяываютсяываютсяываютсяываютсяываютсяываютсяываютсяываютсяываютсяываютсяываютсяываютсяываютсяываютсяываютсяываютсяываютсяываютсяываютсяываютсяываютсяываютсяываютсяываютсяываютсяываютсяываютсяываютсяываютсяываютсяываютсяываютсяываютсяываютсяываютсяываются", "numeric_answer": null, "relative_error": null, "thinking_text": null, "has_tool_call": false, "tool_call": null, "usage": {"prompt_tokens": 133, "completion_tokens": 256, "total_tokens": 389, "token_count_source": "tokenizer"}, "decoding": {"temperature": 0.2, "top_p": null, "top_k": null, "max_tokens": 256, "seed": 42}, "prompt_tokens": 133, "completion_tokens": 256, "total_tokens": 389, "token_count_source": "tokenizer", "diffusion_steps": null, "flops_estimate": null, "flops_arch": null, "flops_model_params": null, "flops_active_params": null, "tokens_non_final": 1, "tokens_reasoning": 0, "tokens_response": 1, "elapsed_seconds": 18.840371131896973, "judgement": "Uncategorized"}
{"id": "taxes_001325", "topic": "taxes", "subtopic": "pre_discount_tax", "prompt": "Cart: $22.61, $14.17, $36.73, $21.75, $44.86 with a 15% store discount. Local sales tax is 8.5% (tax calculated before discount). About how much is the total?", "exact_value": 131.01, "model": "tiiuae/Falcon-H1-7B-Instruct", "provider": "transformers", "response": "Finalются примерно путем следования этим шагам:ются примерно путем следования этим шагамются примерно путем следования этим шагамются примерно путем следования этим шагамются примерно путем следования этим шагамются примерно путем следования этим шагамются примерно путем следования этим шагамются примерно путем следования этим шагамются примерно путем следования этим шагамются примерно путем следования этим шагамются примерно путем следования этим шагамются примерно путем следования этим шагамются примерно путем следования этим шагамются примерно путем следования этим шагамются примерно путем следования этим шагамются примерно путем следования этим шагамются примерно путем следования этим шагамются примерно путем следования этим шагамются примерно путем следования этим шагамются примерно путем следования этим шагамются примерно путем следования этим шагамются примерно путем следования этим шагамются примерно путем следования этим шагамются примерно путем следования этим шагамются примерно путем следования этим шагамются примерно путем следования этим шагамются примерно путем следования этим шагамются примерно путем следования этим шагамются примерно путем следования этим шагамются примерно путем следования этим шагамются примерно путем следования этим шагамются примерно путем следования этим", "numeric_answer": null, "relative_error": null, "thinking_text": null, "has_tool_call": false, "tool_call": null, "usage": {"prompt_tokens": 150, "completion_tokens": 256, "total_tokens": 406, "token_count_source": "tokenizer"}, "decoding": {"temperature": 0.2, "top_p": null, "top_k": null, "max_tokens": 256, "seed": 42}, "prompt_tokens": 150, "completion_tokens": 256, "total_tokens": 406, "token_count_source": "tokenizer", "diffusion_steps": null, "flops_estimate": null, "flops_arch": null, "flops_model_params": null, "flops_active_params": null, "tokens_non_final": 160, "tokens_reasoning": 0, "tokens_response": 160, "elapsed_seconds": 18.768754482269287, "judgement": "Uncategorized"}
{"id": "units_000127", "topic": "units", "subtopic": "kg_g", "prompt": "An item costs $13.16 per kg. You take 500 g. About how much is that?", "exact_value": 6.58, "model": "tiiuae/Falcon-H1-7B-Instruct", "provider": "transformers", "response": "Finalютсяываютсяываютсяываютсяываютсяываютсяываютсяываютсяываютсяываютсяываютсяываютсяываютсяываютсяываютсяываютсяываютсяываютсяютсяываютсяываютсяываютсяываютсяываютсяютсяываютсяываютсяываютсяываютсяываютсяываютсяютсяываютсяываютсяываютсяываютсяываютсяываютсяютсяываютсяываютсяываютсяываютсяываютсяываютсяютсяываютсяываютсяываютсяываютсяываютсяываютсяютсяываютсяываютсяываютсяываютсяываютсяываютсяютсяываютсяываютсяываютсяютсяываютсяютсяываютсяываютсяываютсяываютсяываютсяываютсяютсяываютсяываютсяываютсяываютсяываютсяываютсяютсяываютсяываютсяываютсяываютсяываютсяываютсяютсяываютсяываютсяываютсяываютсяываютсяываютсяютсяываютсяываютсяываютсяываютсяываютсяываютсяютсяываютсяываютсяываютсяываютсяываютсяываютсяютсяываютсяываютсяываютсяываютсяываютсяываютсяютсяываютсяываютсяываютсяываютсяываютсяываютсяютсяываютсяываютсяываютсяываютсяываютсяываютсяютсяываютсяываютсяываютсяываютсяываютсяываютсяютсяываютсяываютсяываютсяываютсяываютсяываютсяютсяываютсяываютсяываютсяываютсяываютсяываютсяютсяываютсяываютсяываютсяываютсяываютсяываютсяютсяываютсяываютсяываютсяываютсяываютсяываютсяютсяываютсяываютсяываютсяываютсяываютсяываютсяютсяываютсяываютсяываютсяываютсяываютсяываютсяютсяываютсяываютсяываютсяываютсяываютсяываютсяютсяываютсяываютсяываютсяываютсяываютсяываютсяютсяываютсяываютсяываютсяываютсяываютсяываютсяютсяываютсяываютсяываютсяываютсяываютсяываютсяютсяываютсяываютсяываютсяываютсяываютсяываютсяютсяываютсяываютсяываютсяываютсяываютсяываютсяютсяываютсяываютсяываютсяываютсяываютсяываютсяютсяываютсяываютсяываютсяываютсяываютсяываютсяютсяываютсяываютсяываютсяываютсяываютсяываютсяютсяываютсяываютсяываютсяываютсяываютсяываютсяютсяываютсяываютсяываютсяываютсяываютсяываютсяются", "numeric_answer": null, "relative_error": null, "thinking_text": null, "has_tool_call": false, "tool_call": null, "usage": {"prompt_tokens": 104, "completion_tokens": 256, "total_tokens": 360, "token_count_source": "tokenizer"}, "decoding": {"temperature": 0.2, "top_p": null, "top_k": null, "max_tokens": 256, "seed": 42}, "prompt_tokens": 104, "completion_tokens": 256, "total_tokens": 360, "token_count_source": "tokenizer", "diffusion_steps": null, "flops_estimate": null, "flops_arch": null, "flops_model_params": null, "flops_active_params": null, "tokens_non_final": 1, "tokens_reasoning": 0, "tokens_response": 1, "elapsed_seconds": 18.771438360214233, "judgement": "Uncategorized"}
{"id": "units_000147", "topic": "units", "subtopic": "kg_g", "prompt": "An item costs $9.68 per kg. You take 500 g. About how much is that?", "exact_value": 4.84, "model": "tiiuae/Falcon-H1-7B-Instruct", "provider": "transformers", "response": "Finalютсяываютсяываютсяываютсяываютсяываютсяываютсяываютсяываютсяываютсяываютсяываютсяываютсяываютсяываютсяываютсяываютсяываютсяютсяываютсяываютсяываютсяываютсяываютсяываютсяютсяываютсяываютсяываютсяываютсяываютсяываютсяываютсяютсяываютсяываютсяываютсяываютсяываютсяываютсяываютсяываютсяываютсяываютсяютсяываютсяютсяываютсяываютсяываютсяываютсяываютсяываютсяываютсяываютсяываютсяываютсяываютсяываютсяываютсяываютсяываютсяываютсяываютсяываютсяываютсяютсяываютсяютсяываютсяываютсяываютсяываютсяываютсяываютсяываютсяываютсяываютсяываютсяываютсяываютсяываютсяываютсяываютсяываютсяютсяываютсяютсяываютсяываютсяываютсяываютсяываютсяываютсяютсяываютсяютсяываютсяютсяываютсяютсяываютсяютсяываютсяютсяываютсяютсяываютсяютсяываютсяютсяываютсяютсяываютсяютсяываютсяютсяываютсяютсяываютсяютсяываютсяютсяываютсяютсяываютсяютсяываютсяютсяываютсяютсяываютсяютсяываютсяютсяываютсяютсяываютсяютсяываютсяютсяываютсяютсяываютсяютсяываютсяютсяываютсяютсяываютсяютсяываютсяютсяываютсяютсяываютсяютсяываютсяютсяываютсяютсяываютсяютсяываютсяютсяываютсяютсяываютсяютсяываютсяютсяываютсяютсяываютсяютсяываютсяютсяываютсяютсяываютсяютсяываютсяютсяываютсяютсяываютсяютсяываютсяютсяываютсяютсяываютсяютсяываютсяютсяываютсяютсяываютсяютсяываютсяютсяываютсяютсяываютсяютсяываютсяютсяываютсяютсяываютсяютсяываютсяютсяываютсяютсяываютсяютсяываютсяютсяываютсяютсяываютсяютсяываютсяютсяываютсяютсяываютсяютсяываютсяютсяываютсяютсяываютсяютсяываютсяютсяываютсяютсяываютсяютсяываютсяютсяываютсяютсяываютсяютсяываютсяютсяываютсяютсяываютсяютсяываютсяются", "numeric_answer": null, "relative_error": null, "thinking_text": null, "has_tool_call": false, "tool_call": null, "usage": {"prompt_tokens": 103, "completion_tokens": 256, "total_tokens": 359, "token_count_source": "tokenizer"}, "decoding": {"temperature": 0.2, "top_p": null, "top_k": null, "max_tokens": 256, "seed": 42}, "prompt_tokens": 103, "completion_tokens": 256, "total_tokens": 359, "token_count_source": "tokenizer", "diffusion_steps": null, "flops_estimate": null, "flops_arch": null, "flops_model_params": null, "flops_active_params": null, "tokens_non_final": 1, "tokens_reasoning": 0, "tokens_response": 1, "elapsed_seconds": 18.33096408843994, "judgement": "Uncategorized"}
{"id": "units_000167", "topic": "units", "subtopic": "lb_oz", "prompt": "You buy 5.37 lb at $7.71 per lb. About how much is that total?", "exact_value": 41.4, "model": "tiiuae/Falcon-H1-7B-Instruct", "provider": "transformers", "response": "Finalютсяываютсяываютсяываютсяываютсяываютсяываютсяываютсяываютсяываютсяываютсяываютсяываютсяываютсяываютсяываютсяываютсяываютсяютсяываютсяываютсяываютсяываютсяываютсяываютсяютсяываютсяываютсяываютсяютсяываютсяютсяываютсяываютсяываютсяываютсяютсяываютсяютсяываютсяываютсяываютсяютсяываютсяываютсяываютсяываютсяываютсяываютсяываютсяютсяываютсяютсяываютсяываютсяываютсяываютсяываютсяываютсяываютсяываютсяываютсяываютсяываютсяываютсяываютсяываютсяываютсяываютсяываютсяываютсяываютсяываютсяываютсяываютсяываютсяываютсяываютсяываютсяываютсяываютсяываютсяываютсяываютсяываютсяываютсяываютсяываютсяываютсяываютсяываютсяываютсяываютсяываютсяываютсяываютсяываютсяываютсяываютсяываютсяываютсяываютсяываютсяываютсяываютсяываютсяываютсяываютсяываютсяываютсяываютсяываютсяываютсяываютсяываютсяываютсяываютсяываютсяываютсяываютсяываютсяываютсяываютсяываютсяываютсяываютсяываютсяываютсяываютсяываютсяываютсяываютсяываютсяываютсяываютсяываютсяываютсяываютсяываютсяываютсяываютсяываютсяываютсяываютсяываютсяываютсяываютсяываютсяываютсяываютсяываютсяываютсяываютсяютсяываютсяываютсяываютсяываютсяываютсяываютсяываютсяываютсяываютсяываютсяываютсяываютсяываютсяываютсяываютсяываютсяываютсяываютсяываютсяываютсяываютсяываютсяываютсяываютсяываютсяываютсяываютсяываютсяываютсяываютсяываютсяываютсяываютсяываютсяываютсяываютсяываютсяываютсяываютсяываютсяываютсяываютсяываютсяываютсяываютсяываютсяываютсяываютсяываютсяываютсяываютсяываютсяываютсяываютсяываютсяываютсяываютсяываютсяываютсяываютсяываютсяываютсяываютсяываютсяываютсяываютсяываютсяываютсяываютсяываютсяываютсяываютсяываютсяываютсяываютсяываютсяываютсяываютсяываютсяываютсяываютсяываютсяываютсяываютсяываютсяываютсяываютсяываютсяываютсяываютсяываютсяываютсяютсяываютсяываютсяываютсяываютсяываютсяываютсяютсяываются", "numeric_answer": null, "relative_error": null, "thinking_text": null, "has_tool_call": false, "tool_call": null, "usage": {"prompt_tokens": 102, "completion_tokens": 256, "total_tokens": 358, "token_count_source": "tokenizer"}, "decoding": {"temperature": 0.2, "top_p": null, "top_k": null, "max_tokens": 256, "seed": 42}, "prompt_tokens": 102, "completion_tokens": 256, "total_tokens": 358, "token_count_source": "tokenizer", "diffusion_steps": null, "flops_estimate": null, "flops_arch": null, "flops_model_params": null, "flops_active_params": null, "tokens_non_final": 1, "tokens_reasoning": 0, "tokens_response": 1, "elapsed_seconds": 18.584712266921997, "judgement": "Uncategorized"}
{"id": "units_000187", "topic": "units", "subtopic": "kg_g", "prompt": "An item costs $7.01 per kg. You take 300 g. About how much is that?", "exact_value": 2.1, "model": "tiiuae/Falcon-H1-7B-Instruct", "provider": "transformers", "response": "Finalютсяwicklungwicklungwicklungwicklungwicklungwicklungwicklungwicklungwicklungwicklungwicklungwicklungwicklungwicklungwicklungwicklungwicklungwicklungwicklungwicklungwicklungwicklungwicklungwicklungwicklungwicklungwicklungwicklungwicklungwicklungwicklungwicklungwicklungwicklungwicklungwicklungwicklungwicklungwicklungwicklungwicklungwicklungwicklungwicklungwicklungwicklungwicklungwicklungwicklungwicklungwicklungwicklungwicklungwicklungwicklungwicklungwicklungwicklungwicklungwicklungwicklungwicklungwicklungwicklungwicklungwicklungwicklungwicklungwicklungwicklungwicklungwicklungwicklungwicklungwicklungwicklungwicklungwicklungwicklungwicklungwicklungwicklungwicklungwicklungwicklungwicklungwicklungwicklungwicklungwicklungwicklungwicklungwicklungwicklungwicklungwicklungwicklungwicklungwicklungwicklungwicklungwicklungwicklungwicklungwicklungwicklungwicklungwicklungwicklungwicklungwicklungwicklungwicklungwicklungwicklungwicklungwicklungwicklungwicklungwicklungwicklungwicklungwicklungwicklungwicklungwicklungwicklungwicklungwicklungwicklungwicklungwicklungwicklungwicklungwicklungwicklungwicklungwicklungwicklungwicklungwicklungwicklungwicklungwicklungwicklungwicklungwicklungwicklungwicklungwicklungwicklungwicklungwicklungwicklungwicklungwicklungwicklungwicklungwicklungwicklungwicklungwicklungwicklungwicklungwicklungwicklungwicklungwicklungwicklungwicklungwicklungwicklungwicklungwicklungwicklungwicklungwicklungwicklungwicklungwicklungwicklungwicklungwicklungwicklungwicklungwicklungwicklungwicklungwicklungwicklungwicklungwicklungwicklungwicklungwicklungwicklungwicklungwicklungwicklungwicklungwicklungwicklungwicklungwicklungwicklungwicklungwicklungwicklungwicklungwicklungwicklungwicklungwicklungwicklungwicklungwicklungwicklungwicklungwicklungwicklungwicklungwicklungwicklungwicklungwicklungwicklungwicklungwicklungwicklungwicklungwicklungwicklungwicklungwicklungwicklungwicklungwicklungwicklungwicklungwicklungwicklungwicklungwicklungwicklungwicklungwicklungwicklungwicklungwicklungwicklungwicklungwicklungwicklungwicklung", "numeric_answer": null, "relative_error": null, "thinking_text": null, "has_tool_call": false, "tool_call": null, "usage": {"prompt_tokens": 103, "completion_tokens": 256, "total_tokens": 359, "token_count_source": "tokenizer"}, "decoding": {"temperature": 0.2, "top_p": null, "top_k": null, "max_tokens": 256, "seed": 42}, "prompt_tokens": 103, "completion_tokens": 256, "total_tokens": 359, "token_count_source": "tokenizer", "diffusion_steps": null, "flops_estimate": null, "flops_arch": null, "flops_model_params": null, "flops_active_params": null, "tokens_non_final": 1, "tokens_reasoning": 0, "tokens_response": 1, "elapsed_seconds": 18.40943932533264, "judgement": "Uncategorized"}
{"id": "units_000207", "topic": "units", "subtopic": "kg_g", "prompt": "An item costs $19.14 per kg. You take 350 g. About how much is that?", "exact_value": 6.7, "model": "tiiuae/Falcon-H1-7B-Instruct", "provider": "transformers", "response": "Finalютсяываютсяываютсяываютсяываютсяываютсяываютсяываютсяываютсяываютсяываютсяываютсяываютсяываютсяываютсяываютсяываютсяываютсяютсяываютсяываютсяываютсяываютсяываютсяываютсяываютсяываютсяываютсяываютсяываютсяываютсяываютсяываютсяываютсяываютсяываютсяываютсяютсяываютсяютсяываютсяываютсяываютсяываютсяываютсяываютсяютсяываютсяютсяываютсяываютсяываютсяываютсяываютсяываютсяютсяываютсяываютсяываютсяываютсяываютсяываютсяютсяываютсяютсяываютсяютсяываютсяютсяываютсяываютсяываютсяываютсяываютсяываютсяютсяываютсяютсяываютсяютсяываютсяютсяываютсяываютсяютсяываютсяютсяываютсяютсяываютсяютсяываютсяываютсяютсяываютсяютсяываютсяютсяываютсяютсяываютсяютсяываютсяютсяываютсяютсяываютсяютсяываютсяютсяываютсяютсяываютсяютсяываютсяютсяываютсяютсяываютсяютсяываютсяютсяываютсяютсяываютсяютсяываютсяютсяываютсяютсяываютсяютсяываютсяютсяываютсяютсяываютсяютсяываютсяютсяываютсяютсяываютсяютсяываютсяютсяываютсяютсяываютсяютсяываютсяютсяываютсяютсяываютсяютсяываютсяютсяываютсяютсяываютсяютсяываютсяютсяываютсяютсяываютсяютсяываютсяютсяываютсяютсяываютсяютсяываютсяютсяываютсяютсяываютсяютсяываютсяютсяываютсяютсяываютсяютсяываютсяютсяываютсяютсяываютсяютсяываютсяютсяываютсяютсяываютсяютсяываютсяютсяываютсяютсяываютсяютсяываютсяютсяываютсяютсяываютсяютсяываютсяютсяываютсяютсяываютсяютсяываютсяютсяываютсяютсяываютсяютсяываютсяютсяываютсяютсяываютсяютсяываютсяютсяываютсяютсяываютсяютсяываютсяютсяываютсяютсяываютсяютсяываютсяютсяываютсяютсяываютсяютсяываютсяютсяываютсяютсяываютсяютсяываютсяютсяываются", "numeric_answer": null, "relative_error": null, "thinking_text": null, "has_tool_call": false, "tool_call": null, "usage": {"prompt_tokens": 104, "completion_tokens": 256, "total_tokens": 360, "token_count_source": "tokenizer"}, "decoding": {"temperature": 0.2, "top_p": null, "top_k": null, "max_tokens": 256, "seed": 42}, "prompt_tokens": 104, "completion_tokens": 256, "total_tokens": 360, "token_count_source": "tokenizer", "diffusion_steps": null, "flops_estimate": null, "flops_arch": null, "flops_model_params": null, "flops_active_params": null, "tokens_non_final": 1, "tokens_reasoning": 0, "tokens_response": 1, "elapsed_seconds": 18.499774932861328, "judgement": "Uncategorized"}
{"id": "units_000227", "topic": "units", "subtopic": "lb_oz", "prompt": "You buy 4.2 lb at $8.05 per lb. About how much is that total?", "exact_value": 33.81, "model": "tiiuae/Falcon-H1-7B-Instruct", "provider": "transformers", "response": "Finalютсяываютсяываютсяываютсяываютсяываютсяываютсяываютсяываютсяываютсяываютсяываютсяываютсяываютсяываютсяываютсяываютсяываютсяютсяываютсяываютсяываютсяываютсяываютсяываютсяютсяываютсяываютсяываютсяываютсяываютсяываютсяываютсяютсяываютсяываютсяываютсяываютсяываютсяываютсяываютсяываютсяываютсяываютсяютсяываютсяываютсяываютсяываютсяываютсяываютсяываютсяываютсяываютсяываютсяываютсяываютсяываютсяютсяываютсяываютсяываютсяываютсяываютсяываютсяываютсяываютсяываютсяываютсяютсяываютсяываютсяываютсяываютсяываютсяываютсяютсяываютсяютсяываютсяютсяываютсяываютсяютсяываютсяютсяываютсяютсяываютсяютсяываютсяютсяываютсяютсяываютсяютсяываютсяютсяываютсяютсяываютсяютсяываютсяютсяываютсяютсяываютсяютсяываютсяютсяываютсяютсяываютсяютсяываютсяютсяываютсяютсяываютсяютсяываютсяютсяываютсяютсяываютсяютсяываютсяютсяываютсяютсяываютсяютсяываютсяютсяываютсяютсяываютсяютсяываютсяютсяываютсяютсяываютсяютсяываютсяютсяываютсяютсяываютсяютсяываютсяютсяываютсяютсяываютсяютсяываютсяютсяываютсяютсяываютсяютсяываютсяютсяываютсяютсяываютсяютсяываютсяютсяываютсяютсяываютсяютсяываютсяютсяываютсяютсяываютсяютсяываютсяютсяываютсяютсяываютсяютсяываютсяютсяываютсяютсяываютсяютсяываютсяютсяываютсяютсяываютсяютсяываютсяютсяываютсяютсяываютсяютсяываютсяютсяываютсяютсяываютсяютсяываютсяютсяываютсяютсяываютсяютсяываютсяютсяываютсяютсяываютсяютсяываютсяютсяываютсяютсяываютсяютсяываютсяютсяываютсяютсяываютсяютсяываютсяютсяываютсяютсяываютсяютсяываютсяютсяываютсяютсяываютсяютсяываютсяютсяываютсяютсяываютсяютсяываютсяютсяываются", "numeric_answer": null, "relative_error": null, "thinking_text": null, "has_tool_call": false, "tool_call": null, "usage": {"prompt_tokens": 101, "completion_tokens": 256, "total_tokens": 357, "token_count_source": "tokenizer"}, "decoding": {"temperature": 0.2, "top_p": null, "top_k": null, "max_tokens": 256, "seed": 42}, "prompt_tokens": 101, "completion_tokens": 256, "total_tokens": 357, "token_count_source": "tokenizer", "diffusion_steps": null, "flops_estimate": null, "flops_arch": null, "flops_model_params": null, "flops_active_params": null, "tokens_non_final": 1, "tokens_reasoning": 0, "tokens_response": 1, "elapsed_seconds": 18.60920286178589, "judgement": "Uncategorized"}
{"id": "units_000247", "topic": "units", "subtopic": "lb_oz", "prompt": "You buy 1.27 lb at $10.60 per lb. About how much is that total?", "exact_value": 13.46, "model": "tiiuae/Falcon-H1-7B-Instruct", "provider": "transformers", "response": "Finalютсяываютсяываютсяываютсяываютсяываютсяываютсяываютсяываютсяываютсяываютсяываютсяываютсяываютсяываютсяываютсяываютсяываютсяютсяываютсяываютсяываютсяываютсяываютсяываютсяываютсяываютсяываютсяываютсяютсяываютсяываютсяываютсяываютсяываютсяываютсяываютсяываютсяываютсяываютсяываютсяываютсяываютсяываютсяываютсяываютсяываютсяютсяываютсяываютсяываютсяываютсяываютсяываютсяываютсяываютсяываютсяютсяываютсяываютсяываютсяываютсяываютсяываютсяютсяываютсяываютсяываютсяываютсяываютсяываютсяываютсяываютсяываютсяываютсяютсяываютсяываютсяываютсяываютсяываютсяываютсяываютсяютсяываютсяютсяываютсяываютсяютсяываютсяываютсяываютсяютсяываютсяютсяываютсяываютсяываютсяютсяываютсяываютсяываютсяываютсяываютсяываютсяываютсяываютсяываютсяываютсяываютсяываютсяываютсяываютсяываютсяываютсяываютсяываютсяываютсяываютсяываютсяываютсяываютсяываютсяываютсяываютсяываютсяываютсяываютсяываютсяываютсяываютсяываютсяываютсяываютсяываютсяываютсяываютсяываютсяываютсяываютсяываютсяываютсяываютсяываютсяываютсяываютсяываютсяываютсяываютсяываютсяываютсяываютсяываютсяываютсяываютсяываютсяываютсяываютсяываютсяываютсяываютсяываютсяываютсяываютсяываютсяываютсяываютсяываютсяываютсяываютсяываютсяываютсяываютсяываютсяываютсяываютсяываютсяываютсяываютсяываютсяываютсяываютсяываютсяываютсяываютсяываютсяываютсяываютсяываютсяываютсяываютсяываютсяываютсяываютсяываютсяываютсяываютсяываютсяываютсяываютсяываютсяываютсяываютсяываютсяываютсяываютсяываютсяываютсяываютсяютсяываютсяываютсяываютсяываютсяываютсяываютсяываютсяываютсяываютсяываютсяываютсяываютсяываютсяываютсяываютсяываютсяываютсяываютсяываютсяываютсяываютсяываютсяываютсяываютсяываютсяываютсяываютсяываютсяываютсяываютсяываютсяываютсяываютсяываютсяываютсяываютсяываютсяываютсяываютсяываютсяываютсяываютсяываютсяываютсяываются", "numeric_answer": null, "relative_error": null, "thinking_text": null, "has_tool_call": false, "tool_call": null, "usage": {"prompt_tokens": 103, "completion_tokens": 256, "total_tokens": 359, "token_count_source": "tokenizer"}, "decoding": {"temperature": 0.2, "top_p": null, "top_k": null, "max_tokens": 256, "seed": 42}, "prompt_tokens": 103, "completion_tokens": 256, "total_tokens": 359, "token_count_source": "tokenizer", "diffusion_steps": null, "flops_estimate": null, "flops_arch": null, "flops_model_params": null, "flops_active_params": null, "tokens_non_final": 1, "tokens_reasoning": 0, "tokens_response": 1, "elapsed_seconds": 18.711281776428223, "judgement": "Uncategorized"}
{"id": "units_000267", "topic": "units", "subtopic": "kg_g", "prompt": "An item costs $16.62 per kg. You take 250 g. About how much is that?", "exact_value": 4.16, "model": "tiiuae/Falcon-H1-7B-Instruct", "provider": "transformers", "response": "Finalютсяываютсяываютсяываютсяываютсяываютсяываютсяываютсяываютсяываютсяываютсяываютсяываютсяываютсяываютсяываютсяываютсяютсяываютсяываютсяываютсяываютсяываютсяютсяываютсяываютсяываютсяываютсяываютсяываютсяютсяываютсяываютсяываютсяываютсяываютсяываютсяютсяываютсяываютсяываютсяываютсяываютсяываютсяютсяываютсяываютсяываютсяываютсяываютсяываютсяютсяываютсяютсяываютсяываютсяываютсяываютсяываютсяываютсяютсяываютсяютсяываютсяываютсяываютсяываютсяываютсяываютсяютсяываютсяютсяываютсяываютсяютсяываютсяютсяываютсяютсяываютсяютсяываютсяютсяываютсяютсяываютсяютсяываютсяютсяываютсяютсяываютсяютсяываютсяютсяываютсяютсяываютсяютсяываютсяютсяываютсяютсяываютсяютсяываютсяютсяываютсяютсяываютсяютсяываютсяютсяываютсяютсяываютсяютсяываютсяютсяываютсяютсяываютсяютсяываютсяютсяываютсяютсяываютсяютсяываютсяютсяываютсяютсяываютсяютсяываютсяютсяываютсяютсяываютсяютсяываютсяютсяываютсяютсяываютсяютсяываютсяютсяываютсяютсяываютсяютсяываютсяютсяываютсяютсяываютсяютсяываютсяютсяываютсяютсяываютсяютсяываютсяютсяываютсяютсяываютсяютсяываютсяютсяываютсяютсяываютсяютсяываютсяютсяываютсяютсяываютсяютсяываютсяютсяываютсяютсяываютсяютсяываютсяютсяываютсяютсяываютсяютсяываютсяютсяываютсяютсяываютсяютсяываютсяютсяываютсяютсяываютсяютсяываютсяютсяываютсяютсяываютсяютсяываютсяютсяываютсяютсяываютсяютсяываютсяютсяываютсяютсяываютсяютсяываютсяютсяываютсяютсяываютсяютсяываютсяютсяываютсяютсяываютсяютсяываютсяютсяываютсяютсяываютсяютсяываютсяютсяываютсяютсяываютсяютсяываютсяютсяываютсяютсяываютсяются", "numeric_answer": null, "relative_error": null, "thinking_text": null, "has_tool_call": false, "tool_call": null, "usage": {"prompt_tokens": 104, "completion_tokens": 256, "total_tokens": 360, "token_count_source": "tokenizer"}, "decoding": {"temperature": 0.2, "top_p": null, "top_k": null, "max_tokens": 256, "seed": 42}, "prompt_tokens": 104, "completion_tokens": 256, "total_tokens": 360, "token_count_source": "tokenizer", "diffusion_steps": null, "flops_estimate": null, "flops_arch": null, "flops_model_params": null, "flops_active_params": null, "tokens_non_final": 1, "tokens_reasoning": 0, "tokens_response": 1, "elapsed_seconds": 18.654061555862427, "judgement": "Uncategorized"}
{"id": "units_000287", "topic": "units", "subtopic": "kg_g", "prompt": "An item costs $4.52 per kg. You take 750 g. About how much is that?", "exact_value": 3.39, "model": "tiiuae/Falcon-H1-7B-Instruct", "provider": "transformers", "response": "Finalютсяываютсяываютсяываютсяываютсяываютсяываютсяываютсяываютсяываютсяываютсяываютсяываютсяываютсяываютсяываютсяываютсяываютсяываютсяываютсяываютсяываютсяютсяываютсяываютсяываютсяываютсяываютсяываютсяываютсяываютсяываютсяываютсяываютсяываютсяываютсяютсяываютсяываютсяываютсяываютсяываютсяываютсяютсяываютсяываютсяываютсяютсяываютсяютсяываютсяываютсяываютсяываютсяываютсяютсяываютсяываютсяываютсяываютсяываютсяываютсяываютсяываютсяываютсяываютсяываютсяываютсяываютсяываютсяываютсяываютсяываютсяываютсяываютсяываютсяываютсяютсяываютсяываютсяываютсяываютсяываютсяываютсяываютсяываютсяываютсяываютсяываютсяываютсяываютсяываютсяываютсяываютсяываютсяываютсяываютсяываютсяываютсяываютсяываютсяываютсяываютсяываютсяываютсяываютсяываютсяываютсяываютсяываютсяываютсяываютсяываютсяываютсяываютсяываютсяываютсяываютсяываютсяываютсяываютсяываютсяываютсяываютсяываютсяываютсяываютсяываютсяываютсяываютсяываютсяываютсяываютсяываютсяываютсяываютсяываютсяываютсяываютсяываютсяываютсяываютсяываютсяываютсяываютсяываютсяываютсяываютсяываютсяываютсяываютсяываютсяываютсяываютсяываютсяываютсяываютсяываютсяываютсяываютсяываютсяываютсяываютсяываютсяываютсяываютсяываютсяываютсяываютсяываютсяываютсяываютсяываютсяываютсяываютсяываютсяываютсяываютсяываютсяываютсяываютсяываютсяываютсяываютсяываютсяываютсяываютсяываютсяываютсяываютсяываютсяываютсяываютсяываютсяываютсяываютсяываютсяываютсяываютсяываютсяываютсяываютсяываютсяываютсяываютсяываютсяываютсяываютсяываютсяываютсяываютсяываютсяываютсяываютсяываютсяываютсяываютсяываютсяываютсяываютсяываютсяываютсяываютсяываютсяываютсяываютсяютсяываютсяываютсяываютсяываютсяываютсяываютсяываютсяываютсяываютсяываютсяываютсяываютсяываютсяываютсяываютсяываютсяываютсяываютсяываютсяютсяываютсяютсяываютсяываютсяываютсяываютсяываютсяываются", "numeric_answer": null, "relative_error": null, "thinking_text": null, "has_tool_call": false, "tool_call": null, "usage": {"prompt_tokens": 103, "completion_tokens": 256, "total_tokens": 359, "token_count_source": "tokenizer"}, "decoding": {"temperature": 0.2, "top_p": null, "top_k": null, "max_tokens": 256, "seed": 42}, "prompt_tokens": 103, "completion_tokens": 256, "total_tokens": 359, "token_count_source": "tokenizer", "diffusion_steps": null, "flops_estimate": null, "flops_arch": null, "flops_model_params": null, "flops_active_params": null, "tokens_non_final": 1, "tokens_reasoning": 0, "tokens_response": 1, "elapsed_seconds": 18.81312131881714, "judgement": "Uncategorized"}
{"id": "units_000307", "topic": "units", "subtopic": "lb_oz", "prompt": "You buy 4.54 lb at $6.92 per lb. About how much is that total?", "exact_value": 31.42, "model": "tiiuae/Falcon-H1-7B-Instruct", "provider": "transformers", "response": "Finalютсяываютсяываютсяываютсяываютсяываютсяываютсяываютсяываютсяываютсяываютсяываютсяываютсяываютсяываютсяываютсяываютсяываютсяютсяываютсяываютсяываютсяываютсяываютсяываютсяютсяываютсяываютсяываютсяываютсяываютсяываютсяываютсяываютсяываютсяываютсяютсяываютсяываютсяываютсяываютсяываютсяываютсяываютсяютсяываютсяываютсяываютсяываютсяываютсяываютсяываютсяываютсяываютсяываютсяываютсяываютсяываютсяютсяываютсяываютсяываютсяываютсяываютсяываютсяываютсяываютсяываютсяываютсяываютсяываютсяываютсяываютсяютсяываютсяываютсяютсяываютсяютсяываютсяываютсяываютсяываютсяываютсяываютсяываютсяываютсяываютсяываютсяываютсяываютсяываютсяываютсяываютсяываютсяываютсяываютсяываютсяываютсяываютсяываютсяываютсяываютсяываютсяютсяываютсяываютсяываютсяываютсяываютсяываютсяываютсяываютсяываютсяываютсяываютсяываютсяываютсяываютсяываютсяываютсяываютсяываютсяываютсяютсяываютсяываютсяютсяываютсяываютсяываютсяываютсяываютсяываютсяютсяываютсяываютсяываютсяываютсяываютсяываютсяываютсяютсяываютсяываютсяютсяываютсяываютсяываютсяываютсяываютсяютсяываютсяютсяываютсяютсяываютсяываютсяываютсяываютсяываютсяываютсяываютсяываютсяываютсяываютсяываютсяываютсяываютсяываютсяываютсяываютсяываютсяываютсяываютсяываютсяываютсяываютсяываютсяываютсяываютсяываютсяываютсяываютсяываютсяываютсяываютсяываютсяываютсяываютсяываютсяываютсяываютсяываютсяываютсяываютсяываютсяываютсяываютсяываютсяываютсяываютсяываютсяываютсяываютсяываютсяываютсяютсяываютсяываютсяютсяываютсяываютсяываютсяываютсяываютсяываютсяютсяываютсяываютсяываютсяываютсяываютсяываютсяютсяываютсяываютсяютсяываютсяываютсяываютсяютсяываютсяютсяываютсяываютсяываютсяываютсяываютсяываютсяютсяываютсяываютсяютсяываютсяываютсяываютсяютсяываютсяютсяываютсяываютсяываютсяываютсяываются", "numeric_answer": null, "relative_error": null, "thinking_text": null, "has_tool_call": false, "tool_call": null, "usage": {"prompt_tokens": 102, "completion_tokens": 256, "total_tokens": 358, "token_count_source": "tokenizer"}, "decoding": {"temperature": 0.2, "top_p": null, "top_k": null, "max_tokens": 256, "seed": 42}, "prompt_tokens": 102, "completion_tokens": 256, "total_tokens": 358, "token_count_source": "tokenizer", "diffusion_steps": null, "flops_estimate": null, "flops_arch": null, "flops_model_params": null, "flops_active_params": null, "tokens_non_final": 1, "tokens_reasoning": 0, "tokens_response": 1, "elapsed_seconds": 18.873852252960205, "judgement": "Uncategorized"}
{"id": "units_000327", "topic": "units", "subtopic": "lb_oz", "prompt": "You buy 3.49 lb at $9.52 per lb. About how much is that total?", "exact_value": 33.22, "model": "tiiuae/Falcon-H1-7B-Instruct", "provider": "transformers", "response": "Finalютсяываютсяываютсяываютсяываютсяываютсяываютсяываютсяываютсяываютсяываютсяываютсяываютсяываютсяываютсяываютсяываютсяываютсяютсяываютсяываютсяываютсяываютсяываютсяываютсяываютсяываютсяываютсяываютсяываютсяываютсяываютсяютсяываютсяываютсяываютсяываютсяываютсяываютсяываютсяываютсяываютсяываютсяютсяываютсяываютсяютсяываютсяываютсяываютсяываютсяываютсяываютсяываютсяываютсяываютсяютсяываютсяываютсяываютсяываютсяываютсяываютсяютсяываютсяютсяываютсяываютсяютсяываютсяываютсяываютсяютсяываютсяютсяываютсяываютсяываютсяываютсяываютсяываютсяываютсяываютсяываютсяываютсяываютсяываютсяываютсяываютсяываютсяываютсяываютсяываютсяываютсяываютсяываютсяываютсяываютсяываютсяываютсяываютсяываютсяываютсяываютсяываютсяываютсяываютсяываютсяываютсяываютсяываютсяываютсяываютсяываютсяываютсяываютсяываютсяываютсяываютсяываютсяываютсяываютсяываютсяываютсяываютсяываютсяываютсяываютсяываютсяываютсяываютсяываютсяываютсяываютсяываютсяываютсяываютсяываютсяываютсяываютсяываютсяываютсяываютсяываютсяываютсяываютсяываютсяываютсяываютсяываютсяываютсяываютсяываютсяываютсяываютсяываютсяываютсяываютсяываютсяываютсяываютсяываютсяываютсяываютсяываютсяываютсяываютсяываютсяываютсяываютсяываютсяываютсяываютсяываютсяываютсяываютсяываютсяываютсяываютсяываютсяываютсяываютсяываютсяываютсяываютсяываютсяываютсяываютсяываютсяываютсяываютсяываютсяываютсяываютсяываютсяываютсяываютсяываютсяываютсяываютсяываютсяываютсяываютсяываютсяываютсяываютсяываютсяываютсяываютсяываютсяываютсяываютсяываютсяываютсяываютсяываютсяываютсяываютсяываютсяываютсяываютсяываютсяываютсяываютсяываютсяываютсяываютсяываютсяываютсяываютсяываютсяываютсяываютсяываютсяываютсяываютсяываютсяываютсяываютсяываютсяываютсяываютсяываютсяываютсяываютсяываютсяываютсяываютсяываютсяываютсяываютсяываютсяываютсяываютсяываются", "numeric_answer": null, "relative_error": null, "thinking_text": null, "has_tool_call": false, "tool_call": null, "usage": {"prompt_tokens": 102, "completion_tokens": 256, "total_tokens": 358, "token_count_source": "tokenizer"}, "decoding": {"temperature": 0.2, "top_p": null, "top_k": null, "max_tokens": 256, "seed": 42}, "prompt_tokens": 102, "completion_tokens": 256, "total_tokens": 358, "token_count_source": "tokenizer", "diffusion_steps": null, "flops_estimate": null, "flops_arch": null, "flops_model_params": null, "flops_active_params": null, "tokens_non_final": 1, "tokens_reasoning": 0, "tokens_response": 1, "elapsed_seconds": 18.80733847618103, "judgement": "Uncategorized"}
{"id": "units_000347", "topic": "units", "subtopic": "lb_oz", "prompt": "You buy 3.01 lb at $10.95 per lb. About how much is that total?", "exact_value": 32.96, "model": "tiiuae/Falcon-H1-7B-Instruct", "provider": "transformers", "response": "Finalются примерно путем умножения веса на цену за фунтются примерно путем умножения веса на цену за фунтыются примерно путем умножения весутсяются примерно путем умножения весаются примерно путем умножения весутсяются примерно путем умножения весютсяются примерно путем умножения весютсяются примерно путем умножения весютсяются примерно путем умноженияются примерно путем умноженияются примерно путемются примерно путемются примерно путемются примерно путемются примерно путемются примерно путемются примерно путемются примерно путемются примерно путемются примерно путемются примерно путемются примерно путемются примерно путемются примерно путемются примерно путемются примерно путемются примерно путемются примерно путемются примерно путемются примерно путемются примерно путемются примерно путемются примерно путемются примерно путемются примерно путемются примерно путемются примерно путемются примерно путемются примерно путемются примерно путемются примерно путемются примерно путемются примерно путемются примерно путемются примерно путемются примерно путемются примерно путемются примерно путемются примерно путемются примерно путемются примерно путемются примерно путемются примерно путемются примерно путемются примерно путемются примерно путемются примерно путемются примерно путемются примерно путемются примерно путемются примерно путемются примерно путемются", "numeric_answer": null, "relative_error": null, "thinking_text": null, "has_tool_call": false, "tool_call": null, "usage": {"prompt_tokens": 103, "completion_tokens": 256, "total_tokens": 359, "token_count_source": "tokenizer"}, "decoding": {"temperature": 0.2, "top_p": null, "top_k": null, "max_tokens": 256, "seed": 42}, "prompt_tokens": 103, "completion_tokens": 256, "total_tokens": 359, "token_count_source": "tokenizer", "diffusion_steps": null, "flops_estimate": null, "flops_arch": null, "flops_model_params": null, "flops_active_params": null, "tokens_non_final": 151, "tokens_reasoning": 0, "tokens_response": 151, "elapsed_seconds": 18.644029140472412, "judgement": "Uncategorized"}
{"id": "units_000367", "topic": "units", "subtopic": "lb_oz", "prompt": "You buy 3.8 lb at $7.49 per lb. About how much is that total?", "exact_value": 28.46, "model": "tiiuae/Falcon-H1-7B-Instruct", "provider": "transformers", "response": "Finalютсяываютсяываютсяываютсяываютсяываютсяываютсяываютсяываютсяываютсяываютсяываютсяываютсяываютсяываютсяываютсяываютсяютсяываютсяываютсяываютсяываютсяываютсяютсяываютсяываютсяываютсяываютсяываютсяываютсяютсяываютсяываютсяываютсяываютсяываютсяываютсяютсяываютсяываютсяютсяываютсяютсяываютсяютсяываютсяютсяываютсяютсяываютсяютсяываютсяютсяываютсяываютсяютсяываютсяываютсяываютсяываютсяываютсяываютсяютсяываютсяываютсяываютсяываютсяываютсяываютсяютсяываютсяютсяываютсяютсяываютсяютсяываютсяютсяываютсяютсяываютсяютсяываютсяютсяываютсяютсяываютсяютсяываютсяютсяываютсяютсяываютсяютсяываютсяютсяываютсяютсяываютсяываютсяютсяываютсяываютсяываютсяываютсяываютсяываютсяютсяываютсяываютсяываютсяываютсяываютсяываютсяютсяываютсяютсяываютсяютсяываютсяываютсяываютсяываютсяываютсяываютсяютсяываютсяываютсяываютсяываютсяываютсяываютсяютсяываютсяютсяываютсяываютсяываютсяываютсяываютсяываютсяютсяываютсяютсяываютсяываютсяываютсяываютсяываютсяываютсяютсяываютсяютсяываютсяываютсяютсяываютсяываютсяываютсяываютсяываютсяываютсяютсяываютсяютсяываютсяютсяываютсяываютсяываютсяываютсяываютсяываютсяютсяываютсяютсяываютсяываютсяютсяываютсяываютсяываютсяываютсяываютсяываютсяютсяываютсяютсяываютсяываютсяютсяываютсяываютсяываютсяываютсяываютсяываютсяютсяываютсяютсяываютсяываютсяютсяываютсяываютсяываютсяываютсяываютсяываютсяютсяываютсяютсяываютсяываютсяютсяываютсяываютсяываютсяютсяываютсяютсяываютсяютсяываютсяываютсяываютсяываютсяываютсяываютсяютсяываютсяютсяываютсяютсяываютсяываютсяываютсяываютсяываютсяываютсяютсяываютсяютсяываютсяютсяываютсяываютсяываютсяютсяываютсяютсяываютсяютсяываютсяываются", "numeric_answer": null, "relative_error": null, "thinking_text": null, "has_tool_call": false, "tool_call": null, "usage": {"prompt_tokens": 101, "completion_tokens": 256, "total_tokens": 357, "token_count_source": "tokenizer"}, "decoding": {"temperature": 0.2, "top_p": null, "top_k": null, "max_tokens": 256, "seed": 42}, "prompt_tokens": 101, "completion_tokens": 256, "total_tokens": 357, "token_count_source": "tokenizer", "diffusion_steps": null, "flops_estimate": null, "flops_arch": null, "flops_model_params": null, "flops_active_params": null, "tokens_non_final": 1, "tokens_reasoning": 0, "tokens_response": 1, "elapsed_seconds": 18.742600917816162, "judgement": "Uncategorized"}
{"id": "units_000387", "topic": "units", "subtopic": "lb_oz", "prompt": "You buy 4.21 lb at $6.38 per lb. About how much is that total?", "exact_value": 26.86, "model": "tiiuae/Falcon-H1-7B-Instruct", "provider": "transformers", "response": "Finalютсяываютсяываютсяываютсяываютсяываютсяываютсяываютсяываютсяываютсяываютсяываютсяываютсяываютсяываютсяываютсяываютсяываютсяываютсяываютсяываютсяываютсяываютсяываютсяываютсяываютсяываютсяываютсяываютсяываютсяываютсяываютсяываютсяываютсяываютсяываютсяываютсяываютсяываютсяываютсяываютсяываютсяываютсяываютсяываютсяываютсяываютсяываютсяываютсяютсяываютсяываютсяываютсяываютсяываютсяываютсяываютсяываютсяываютсяываютсяываютсяываютсяываютсяютсяываютсяываютсяываютсяываютсяываютсяютсяываютсяываютсяываютсяываютсяываютсяываютсяютсяываютсяываютсяываютсяываютсяываютсяываютсяываютсяываютсяываютсяываютсяютсяываютсяываютсяываютсяываютсяываютсяываютсяываютсяываютсяываютсяываютсяываютсяываютсяываютсяываютсяываютсяютсяываютсяываютсяываютсяываютсяываютсяываютсяываютсяываютсяываютсяываютсяютсяываютсяываютсяываютсяываютсяываютсяываютсяываютсяываютсяываютсяываютсяютсяываютсяываютсяываютсяываютсяываютсяываютсяываютсяютсяываютсяываютсяываютсяываютсяываютсяываютсяываютсяываютсяываютсяываютсяютсяываютсяываютсяываютсяываютсяываютсяываютсяываютсяываютсяываютсяываютсяютсяываютсяываютсяываютсяываютсяываютсяываютсяываютсяываютсяываютсяываютсяютсяываютсяываютсяываютсяываютсяываютсяываютсяываютсяютсяываютсяываютсяываютсяываютсяываютсяываютсяываютсяываютсяываютсяываютсяютсяываютсяываютсяываютсяываютсяываютсяываютсяываютсяываютсяываютсяываютсяютсяываютсяываютсяываютсяываютсяываютсяываютсяываютсяютсяываютсяываютсяываютсяываютсяываютсяываютсяываютсяываютсяываютсяываютсяютсяываютсяываютсяываютсяываютсяываютсяываютсяываютсяываютсяываютсяываютсяютсяываютсяываютсяываютсяываютсяываютсяываютсяываютсяютсяываютсяываютсяываютсяываютсяываютсяываютсяываютсяываютсяываютсяываютсяютсяываютсяываютсяываютсяываютсяываютсяываютсяываютсяютсяываются", "numeric_answer": null, "relative_error": null, "thinking_text": null, "has_tool_call": false, "tool_call": null, "usage": {"prompt_tokens": 102, "completion_tokens": 256, "total_tokens": 358, "token_count_source": "tokenizer"}, "decoding": {"temperature": 0.2, "top_p": null, "top_k": null, "max_tokens": 256, "seed": 42}, "prompt_tokens": 102, "completion_tokens": 256, "total_tokens": 358, "token_count_source": "tokenizer", "diffusion_steps": null, "flops_estimate": null, "flops_arch": null, "flops_model_params": null, "flops_active_params": null, "tokens_non_final": 1, "tokens_reasoning": 0, "tokens_response": 1, "elapsed_seconds": 18.512747526168823, "judgement": "Uncategorized"}
{"id": "units_000407", "topic": "units", "subtopic": "lb_oz", "prompt": "You buy 0.85 lb at $12.01 per lb. About how much is that total?", "exact_value": 10.21, "model": "tiiuae/Falcon-H1-7B-Instruct", "provider": "transformers", "response": "Finalютсяываютсяываютсяываютсяываютсяываютсяываютсяываютсяываютсяываютсяываютсяываютсяываютсяываютсяываютсяываютсяываютсяываютсяютсяываютсяываютсяываютсяываютсяываютсяютсяываютсяываютсяываютсяываютсяываютсяываютсяютсяываютсяываютсяываютсяываютсяываютсяываютсяютсяываютсяываютсяютсяываютсяютсяываютсяютсяываютсяютсяываютсяютсяываютсяютсяываютсяютсяываютсяютсяываютсяютсяываютсяютсяываютсяываютсяютсяываютсяываютсяываютсяываютсяываютсяываютсяютсяываютсяютсяываютсяываютсяываютсяываютсяываютсяываютсяютсяываютсяываютсяываютсяываютсяываютсяываютсяютсяываютсяютсяываютсяываютсяютсяываютсяываютсяываютсяываютсяываютсяываютсяютсяываютсяываютсяываютсяываютсяываютсяываютсяютсяываютсяютсяываютсяываютсяютсяываютсяываютсяываютсяываютсяываютсяываютсяютсяываютсяютсяываютсяываютсяютсяываютсяываютсяываютсяываютсяываютсяываютсяютсяываютсяютсяываютсяываютсяютсяываютсяываютсяываютсяываютсяываютсяываютсяютсяываютсяютсяываютсяютсяываютсяываютсяютсяываютсяютсяываютсяютсяываютсяютсяываютсяютсяываютсяютсяываютсяютсяываютсяютсяываютсяютсяываютсяютсяываютсяютсяываютсяютсяываютсяютсяываютсяютсяываютсяютсяываютсяютсяываютсяютсяываютсяютсяываютсяютсяываютсяютсяываютсяютсяываютсяютсяываютсяютсяываютсяютсяываютсяютсяываютсяютсяываютсяютсяываютсяютсяываютсяютсяываютсяютсяываютсяютсяываютсяютсяываютсяютсяываютсяютсяываютсяютсяываютсяютсяываютсяютсяываютсяютсяываютсяютсяываютсяютсяываютсяютсяываютсяютсяываютсяютсяываютсяютсяываютсяютсяываютсяютсяываютсяютсяываютсяютсяываютсяютсяываютсяютсяываютсяютсяываютсяютсяываютсяютсяываютсяютсяываются", "numeric_answer": null, "relative_error": null, "thinking_text": null, "has_tool_call": false, "tool_call": null, "usage": {"prompt_tokens": 103, "completion_tokens": 256, "total_tokens": 359, "token_count_source": "tokenizer"}, "decoding": {"temperature": 0.2, "top_p": null, "top_k": null, "max_tokens": 256, "seed": 42}, "prompt_tokens": 103, "completion_tokens": 256, "total_tokens": 359, "token_count_source": "tokenizer", "diffusion_steps": null, "flops_estimate": null, "flops_arch": null, "flops_model_params": null, "flops_active_params": null, "tokens_non_final": 1, "tokens_reasoning": 0, "tokens_response": 1, "elapsed_seconds": 18.400880575180054, "judgement": "Uncategorized"}
{"id": "units_000427", "topic": "units", "subtopic": "kg_g", "prompt": "An item costs $11.43 per kg. You take 400 g. About how much is that?", "exact_value": 4.57, "model": "tiiuae/Falcon-H1-7B-Instruct", "provider": "transformers", "response": "Finalютсяываютсяываютсяываютсяываютсяываютсяываютсяываютсяываютсяываютсяываютсяываютсяываютсяываютсяываютсяываютсяываютсяываютсяютсяываютсяываютсяываютсяываютсяываютсяютсяываютсяываютсяываютсяываютсяываютсяываютсяютсяываютсяываютсяываютсяываютсяываютсяываютсяютсяываютсяываютсяываютсяываютсяываютсяываютсяютсяываютсяываютсяываютсяываютсяываютсяываютсяютсяываютсяываютсяываютсяываютсяываютсяываютсяютсяываютсяываютсяываютсяываютсяываютсяываютсяютсяываютсяютсяываютсяываютсяываютсяываютсяываютсяываютсяютсяываютсяываютсяываютсяываютсяываютсяываютсяютсяываютсяываютсяываютсяываютсяываютсяываютсяютсяываютсяываютсяываютсяываютсяываютсяываютсяютсяываютсяываютсяываютсяываютсяываютсяываютсяютсяываютсяываютсяываютсяываютсяываютсяываютсяютсяываютсяютсяываютсяываютсяываютсяываютсяываютсяываютсяютсяываютсяютсяываютсяываютсяываютсяываютсяываютсяываютсяютсяываютсяютсяываютсяываютсяываютсяываютсяываютсяываютсяютсяываютсяютсяываютсяываютсяываютсяываютсяываютсяываютсяютсяываютсяютсяываютсяываютсяываютсяываютсяываютсяываютсяютсяываютсяютсяываютсяываютсяываютсяываютсяываютсяываютсяютсяываютсяютсяываютсяываютсяываютсяываютсяываютсяываютсяютсяываютсяютсяываютсяютсяываютсяютсяываютсяываютсяываютсяываютсяываютсяываютсяютсяываютсяютсяываютсяютсяываютсяютсяываютсяываютсяываютсяываютсяываютсяываютсяютсяываютсяютсяываютсяываютсяютсяываютсяютсяываютсяываютсяываютсяютсяываютсяютсяываютсяютсяываютсяютсяываютсяываютсяываютсяываютсяываютсяываютсяютсяываютсяютсяываютсяютсяываютсяютсяываютсяываютсяываютсяываютсяываютсяываютсяютсяываютсяютсяываютсяютсяываютсяютсяываютсяываютсяываютсяываютсяываютсяываютсяютсяываютсяютсяываютсяютсяываются", "numeric_answer": null, "relative_error": null, "thinking_text": null, "has_tool_call": false, "tool_call": null, "usage": {"prompt_tokens": 104, "completion_tokens": 256, "total_tokens": 360, "token_count_source": "tokenizer"}, "decoding": {"temperature": 0.2, "top_p": null, "top_k": null, "max_tokens": 256, "seed": 42}, "prompt_tokens": 104, "completion_tokens": 256, "total_tokens": 360, "token_count_source": "tokenizer", "diffusion_steps": null, "flops_estimate": null, "flops_arch": null, "flops_model_params": null, "flops_active_params": null, "tokens_non_final": 1, "tokens_reasoning": 0, "tokens_response": 1, "elapsed_seconds": 18.75363326072693, "judgement": "Uncategorized"}
{"id": "units_000447", "topic": "units", "subtopic": "lb_oz", "prompt": "You buy 3.87 lb at $13.72 per lb. About how much is that total?", "exact_value": 53.1, "model": "tiiuae/Falcon-H1-7B-Instruct", "provider": "transformers", "response": "Finalются примерно путем умножения веса на цену за фунтются примерно путем умножения веса на цену за фунутсяются примерно путем умножения весутсяются примерно путем умножения весаются примерно путем умножения весутсяются примерно путем умножения весютсяются примерно путем умножения весютсяются примерно путем умноженияютсяютсяютсяютсяютсяютсяютсяютсяютсяютсяютсяютсяютсяютсяютсяютсяютсяютсяютсяютсяютсяютсяютсяютсяютсяютсяютсяютсяютсяютсяютсяютсяютсяютсяютсяютсяютсяютсяютсяютсяютсяютсяютсяютсяютсяютсяютсяютсяютсяютсяютсяютсяютсяютсяютсяютсяютсяютсяютсяютсяютсяютсяютсяютсяютсяютсяютсяютсяютсяютсяютсяютсяютсяютсяютсяютсяютсяютсяютсяютсяютсяютсяютсяютсяютсяютсяютсяютсяютсяютсяютсяютсяютсяютсяютсяютсяютсяютсяютсяютсяютсяютсяютсяютсяютсяютсяютсяютсяютсяютсяютсяютсяютсяютсяютсяютсяютсяютсяютсяютсяютсяютсяютсяютсяютсяютсяютсяютсяютсяютсяютсяютсяютсяютсяютсяютсяютсяютсяютсяютсяютсяютсяютсяютсяютсяютсяютсяютсяютсяютсяютсяютсяютсяютсяютсяютсяютсяютсяютсяютсяютсяютсяютсяютсяютсяютсяютсяютсяютсяютсяютсяютсяются", "numeric_answer": null, "relative_error": null, "thinking_text": null, "has_tool_call": false, "tool_call": null, "usage": {"prompt_tokens": 103, "completion_tokens": 256, "total_tokens": 359, "token_count_source": "tokenizer"}, "decoding": {"temperature": 0.2, "top_p": null, "top_k": null, "max_tokens": 256, "seed": 42}, "prompt_tokens": 103, "completion_tokens": 256, "total_tokens": 359, "token_count_source": "tokenizer", "diffusion_steps": null, "flops_estimate": null, "flops_arch": null, "flops_model_params": null, "flops_active_params": null, "tokens_non_final": 40, "tokens_reasoning": 0, "tokens_response": 40, "elapsed_seconds": 18.680298566818237, "judgement": "Uncategorized"}
{"id": "units_000467", "topic": "units", "subtopic": "lb_oz", "prompt": "You buy 0.68 lb at $7.36 per lb. About how much is that total?", "exact_value": 5.0, "model": "tiiuae/Falcon-H1-7B-Instruct", "provider": "transformers", "response": "Finalютсяываютсяываютсяываютсяываютсяываютсяываютсяываютсяываютсяываютсяываютсяываютсяываютсяываютсяываютсяываютсяываютсяываютсяютсяываютсяываютсяываютсяываютсяываютсяютсяываютсяываютсяываютсяываютсяываютсяютсяываютсяываютсяываютсяываютсяываютсяютсяываютсяываютсяываютсяываютсяываютсяютсяываютсяютсяываютсяываютсяываютсяываютсяываютсяютсяываютсяютсяываютсяываютсяываютсяываютсяываютсяютсяываютсяютсяываютсяываютсяываютсяываютсяываютсяютсяываютсяютсяываютсяываютсяютсяываютсяютсяываютсяываютсяютсяываютсяютсяываютсяютсяываютсяютсяываютсяютсяываютсяютсяываютсяютсяываютсяютсяываютсяютсяываютсяютсяываютсяютсяываютсяютсяываютсяютсяываютсяютсяываютсяютсяываютсяютсяываютсяютсяываютсяютсяываютсяютсяываютсяютсяываютсяютсяываютсяютсяываютсяютсяываютсяютсяываютсяютсяываютсяютсяываютсяютсяываютсяютсяываютсяютсяываютсяютсяываютсяютсяываютсяютсяываютсяютсяываютсяютсяываютсяютсяываютсяютсяываютсяютсяываютсяютсяываютсяютсяываютсяютсяываютсяютсяываютсяютсяываютсяютсяываютсяютсяываютсяютсяываютсяютсяываютсяютсяываютсяютсяываютсяютсяываютсяютсяываютсяютсяываютсяютсяываютсяютсяываютсяютсяываютсяютсяываютсяютсяываютсяютсяываютсяютсяываютсяютсяываютсяютсяываютсяютсяываютсяютсяываютсяютсяываютсяютсяываютсяютсяываютсяютсяываютсяютсяываютсяютсяываютсяютсяываютсяютсяываютсяютсяываютсяютсяываютсяютсяываютсяютсяываютсяютсяываютсяютсяываютсяютсяываютсяютсяываютсяютсяываютсяютсяываютсяютсяываютсяютсяываютсяютсяываютсяютсяываютсяютсяываютсяютсяываютсяютсяываютсяютсяываютсяютсяываютсяются", "numeric_answer": null, "relative_error": null, "thinking_text": null, "has_tool_call": false, "tool_call": null, "usage": {"prompt_tokens": 102, "completion_tokens": 256, "total_tokens": 358, "token_count_source": "tokenizer"}, "decoding": {"temperature": 0.2, "top_p": null, "top_k": null, "max_tokens": 256, "seed": 42}, "prompt_tokens": 102, "completion_tokens": 256, "total_tokens": 358, "token_count_source": "tokenizer", "diffusion_steps": null, "flops_estimate": null, "flops_arch": null, "flops_model_params": null, "flops_active_params": null, "tokens_non_final": 1, "tokens_reasoning": 0, "tokens_response": 1, "elapsed_seconds": 18.677123069763184, "judgement": "Uncategorized"}
{"id": "units_000487", "topic": "units", "subtopic": "lb_oz", "prompt": "You buy 4.95 lb at $8.57 per lb. About how much is that total?", "exact_value": 42.42, "model": "tiiuae/Falcon-H1-7B-Instruct", "provider": "transformers", "response": "Finalются примерно путем умножения веса на цену за фунтются примерно путем умножения весутсяются примерно путем умножения веса на ценутсяются примерно путем умножения весутсяются примерно путем умножения весутсяются примерно путем умножения весютсяются примерно путем умножения весютсяются примерно путем умножения весютсяются примерно путем умножения весютсяются примерно путем умножения весютсяются примерно путем умножения весютсяются примерно путем умножения весютсяются примерно путем умножения весютсяются примерно путем умножения весютсяются примерно путем умножения весютсяются примерно путем умножения весютсяются примерно путем умножения весютсяются примерно путем умножения весютсяются примерно путем умножения весютсяются примерно путем умножения весютсяются примерно путем умножения весютсяются примерно путем умножения весютсяются примерно путем умножения весютсяются примерно путем умножения весютсяются примерно путем умножения весютсяются примерно путем умножения весютсяются примерно путем умножения весютсяются примерно путем", "numeric_answer": null, "relative_error": null, "thinking_text": null, "has_tool_call": false, "tool_call": null, "usage": {"prompt_tokens": 102, "completion_tokens": 256, "total_tokens": 358, "token_count_source": "tokenizer"}, "decoding": {"temperature": 0.2, "top_p": null, "top_k": null, "max_tokens": 256, "seed": 42}, "prompt_tokens": 102, "completion_tokens": 256, "total_tokens": 358, "token_count_source": "tokenizer", "diffusion_steps": null, "flops_estimate": null, "flops_arch": null, "flops_model_params": null, "flops_active_params": null, "tokens_non_final": 117, "tokens_reasoning": 0, "tokens_response": 117, "elapsed_seconds": 18.63464879989624, "judgement": "Uncategorized"}
{"id": "units_000507", "topic": "units", "subtopic": "lb_oz", "prompt": "You buy 0.55 lb at $7.62 per lb. About how much is that total?", "exact_value": 4.19, "model": "tiiuae/Falcon-H1-7B-Instruct", "provider": "transformers", "response": "Finalютсяываютсяываютсяываютсяываютсяываютсяываютсяываютсяываютсяываютсяываютсяываютсяываютсяываютсяываютсяываютсяываютсяываютсяываютсяываютсяываютсяываютсяываютсяываютсяываютсяываютсяютсяываютсяываютсяываютсяываютсяываютсяываютсяываютсяываютсяываютсяываютсяываютсяываютсяываютсяываютсяютсяываютсяываютсяываютсяываютсяываютсяываютсяютсяываютсяываютсяываютсяываютсяываютсяываютсяываютсяютсяываютсяываютсяываютсяываютсяываютсяываютсяываютсяываютсяываютсяываютсяываютсяываютсяываютсяываютсяываютсяываютсяываютсяываютсяываютсяываютсяываютсяываютсяываютсяываютсяываютсяываютсяываютсяываютсяываютсяываютсяываютсяываютсяываютсяываютсяываютсяываютсяываютсяываютсяываютсяываютсяываютсяываютсяываютсяываютсяываютсяываютсяываютсяываютсяываютсяываютсяываютсяываютсяываютсяываютсяываютсяываютсяываютсяываютсяываютсяываютсяываютсяываютсяываютсяываютсяываютсяываютсяываютсяываютсяываютсяываютсяываютсяываютсяываютсяываютсяываютсяываютсяываютсяываютсяываютсяываютсяываютсяываютсяываютсяываютсяываютсяываютсяываютсяываютсяываютсяываютсяываютсяываютсяываютсяываютсяываютсяываютсяываютсяываютсяываютсяываютсяываютсяываютсяываютсяываютсяываютсяываютсяываютсяываютсяываютсяываютсяываютсяываютсяываютсяываютсяываютсяываютсяываютсяываютсяываютсяываютсяываютсяываютсяываютсяываютсяываютсяываютсяываютсяываютсяываютсяываютсяываютсяываютсяываютсяываютсяываютсяываютсяываютсяываютсяываютсяываютсяываютсяываютсяываютсяываютсяываютсяываютсяываютсяываютсяываютсяываютсяываютсяываютсяываютсяываютсяываютсяываютсяываютсяываютсяываютсяываютсяываютсяываютсяываютсяываютсяываютсяываютсяываютсяываютсяываютсяываютсяываютсяываютсяываютсяываютсяываютсяываютсяютсяываютсяываютсяываютсяываютсяываютсяываютсяываютсяываютсяываютсяываютсяываютсяываютсяываютсяываютсяываютсяываютсяываютсяываютсяываютсяываютсяываются", "numeric_answer": null, "relative_error": null, "thinking_text": null, "has_tool_call": false, "tool_call": null, "usage": {"prompt_tokens": 102, "completion_tokens": 256, "total_tokens": 358, "token_count_source": "tokenizer"}, "decoding": {"temperature": 0.2, "top_p": null, "top_k": null, "max_tokens": 256, "seed": 42}, "prompt_tokens": 102, "completion_tokens": 256, "total_tokens": 358, "token_count_source": "tokenizer", "diffusion_steps": null, "flops_estimate": null, "flops_arch": null, "flops_model_params": null, "flops_active_params": null, "tokens_non_final": 1, "tokens_reasoning": 0, "tokens_response": 1, "elapsed_seconds": 18.256610870361328, "judgement": "Uncategorized"}
{"id": "units_000527", "topic": "units", "subtopic": "kg_g", "prompt": "An item costs $6.70 per kg. You take 750 g. About how much is that?", "exact_value": 5.03, "model": "tiiuae/Falcon-H1-7B-Instruct", "provider": "transformers", "response": "Finalютсяываютсяываютсяываютсяываютсяываютсяываютсяываютсяываютсяываютсяываютсяываютсяываютсяываютсяываютсяываютсяываютсяываютсяютсяываютсяываютсяываютсяываютсяываютсяютсяываютсяываютсяываютсяываютсяываютсяываютсяютсяываютсяываютсяываютсяываютсяываютсяываютсяютсяываютсяютсяываютсяываютсяываютсяываютсяываютсяываютсяютсяываютсяываютсяываютсяываютсяываютсяываютсяютсяываютсяютсяываютсяываютсяываютсяываютсяываютсяываютсяютсяываютсяютсяываютсяютсяываютсяютсяываютсяютсяываютсяютсяываютсяютсяываютсяютсяываютсяютсяываютсяютсяываютсяютсяываютсяютсяываютсяютсяываютсяютсяываютсяютсяываютсяютсяываютсяютсяываютсяютсяываютсяютсяываютсяютсяываютсяютсяываютсяютсяываютсяютсяываютсяютсяываютсяютсяываютсяютсяываютсяютсяываютсяютсяываютсяютсяываютсяютсяываютсяютсяываютсяютсяываютсяютсяываютсяютсяываютсяютсяываютсяютсяываютсяютсяываютсяютсяываютсяютсяываютсяютсяываютсяютсяываютсяютсяываютсяютсяываютсяютсяываютсяютсяываютсяютсяываютсяютсяываютсяютсяываютсяютсяываютсяютсяываютсяютсяываютсяютсяываютсяютсяываютсяютсяываютсяютсяываютсяютсяываютсяютсяываютсяютсяываютсяютсяываютсяютсяываютсяютсяываютсяютсяываютсяютсяываютсяютсяываютсяютсяываютсяютсяываютсяютсяываютсяютсяываютсяютсяываютсяютсяываютсяютсяываютсяютсяываютсяютсяываютсяютсяываютсяютсяываютсяютсяываютсяютсяываютсяютсяываютсяютсяываютсяютсяываютсяютсяываютсяютсяываютсяютсяываютсяютсяываютсяютсяываютсяютсяываютсяютсяываютсяютсяываютсяютсяываютсяютсяываютсяютсяываютсяютсяываютсяютсяываютсяютсяываютсяютсяываютсяютсяываются", "numeric_answer": null, "relative_error": null, "thinking_text": null, "has_tool_call": false, "tool_call": null, "usage": {"prompt_tokens": 103, "completion_tokens": 256, "total_tokens": 359, "token_count_source": "tokenizer"}, "decoding": {"temperature": 0.2, "top_p": null, "top_k": null, "max_tokens": 256, "seed": 42}, "prompt_tokens": 103, "completion_tokens": 256, "total_tokens": 359, "token_count_source": "tokenizer", "diffusion_steps": null, "flops_estimate": null, "flops_arch": null, "flops_model_params": null, "flops_active_params": null, "tokens_non_final": 1, "tokens_reasoning": 0, "tokens_response": 1, "elapsed_seconds": 18.30781650543213, "judgement": "Uncategorized"}
{"id": "units_000547", "topic": "units", "subtopic": "kg_g", "prompt": "An item costs $7.37 per kg. You take 350 g. About how much is that?", "exact_value": 2.58, "model": "tiiuae/Falcon-H1-7B-Instruct", "provider": "transformers", "response": "Finalютсяываютсяываютсяываютсяываютсяываютсяываютсяываютсяываютсяываютсяываютсяываютсяываютсяываютсяываютсяываютсяываютсяываютсяютсяываютсяываютсяываютсяываютсяываютсяываютсяываютсяываютсяываютсяываютсяываютсяываютсяываютсяываютсяываютсяываютсяываютсяываютсяываютсяютсяываютсяываютсяываютсяываютсяываютсяываютсяываютсяываютсяываютсяываютсяютсяываютсяываютсяываютсяываютсяываютсяываютсяютсяываютсяываютсяываютсяываютсяываютсяываютсяываютсяываютсяываютсяываютсяываютсяываютсяываютсяываютсяываютсяываютсяываютсяываютсяываютсяютсяываютсяываютсяываютсяываютсяываютсяываютсяютсяываютсяываютсяываютсяываютсяываютсяываютсяываютсяываютсяываютсяываютсяываютсяываютсяываютсяываютсяываютсяываютсяываютсяываютсяываютсяываютсяываютсяываютсяываютсяываютсяываютсяываютсяываютсяываютсяываютсяываютсяываютсяываютсяываютсяываютсяываютсяываютсяываютсяываютсяываютсяываютсяываютсяываютсяываютсяываютсяываютсяываютсяываютсяываютсяываютсяываютсяываютсяываютсяываютсяываютсяываютсяываютсяютсяываютсяываютсяываютсяютсяываютсяываютсяываютсяываютсяываютсяываютсяютсяываютсяываютсяываютсяываютсяываютсяываютсяютсяываютсяываютсяываютсяываютсяываютсяываютсяываютсяютсяываютсяываютсяываютсяютсяываютсяываютсяываютсяываютсяываютсяываютсяютсяываютсяываютсяываютсяютсяываютсяываютсяываютсяютсяываютсяываютсяываютсяываютсяываютсяываютсяютсяываютсяываютсяываютсяютсяываютсяываютсяываютсяютсяываютсяываютсяываютсяютсяываютсяываютсяываютсяютсяываютсяываютсяываютсяютсяываютсяываютсяываютсяютсяываютсяываютсяываютсяютсяываютсяываютсяываютсяютсяываютсяываютсяываютсяютсяываютсяываютсяываютсяютсяываютсяываютсяываютсяютсяываютсяываютсяываютсяютсяываютсяываютсяываютсяютсяываютсяываютсяываютсяютсяываютсяываютсяываютсяютсяываютсяываются", "numeric_answer": null, "relative_error": null, "thinking_text": null, "has_tool_call": false, "tool_call": null, "usage": {"prompt_tokens": 103, "completion_tokens": 256, "total_tokens": 359, "token_count_source": "tokenizer"}, "decoding": {"temperature": 0.2, "top_p": null, "top_k": null, "max_tokens": 256, "seed": 42}, "prompt_tokens": 103, "completion_tokens": 256, "total_tokens": 359, "token_count_source": "tokenizer", "diffusion_steps": null, "flops_estimate": null, "flops_arch": null, "flops_model_params": null, "flops_active_params": null, "tokens_non_final": 1, "tokens_reasoning": 0, "tokens_response": 1, "elapsed_seconds": 18.66124939918518, "judgement": "Uncategorized"}
{"id": "units_000567", "topic": "units", "subtopic": "kg_g", "prompt": "An item costs $10.70 per kg. You take 900 g. About how much is that?", "exact_value": 9.63, "model": "tiiuae/Falcon-H1-7B-Instruct", "provider": "transformers", "response": "Finalютсяwicklungwicklungwicklungwicklungwicklungwicklungwicklungwicklungwicklungwicklungwicklungwicklungwicklungwicklungwicklungwicklungwicklungwicklungwicklungwicklungwicklungwicklungwicklungwicklungwicklungwicklungwicklungwicklungwicklungwicklungwicklungwicklungwicklungwicklungwicklungwicklungwicklungwicklungwicklungwicklungwicklungwicklungwicklungwicklungwicklungwicklungwicklungwicklungwicklungwicklungwicklungwicklungwicklungwicklungwicklungwicklungwicklungwicklungwicklungwicklungwicklungwicklungwicklungwicklungwicklungwicklungwicklungwicklungwicklungwicklungwicklungwicklungwicklungwicklungwicklungwicklungwicklungwicklungwicklungwicklungwicklungwicklungwicklungwicklungwicklungwicklungwicklungwicklungwicklungwicklungwicklungwicklungwicklungwicklungwicklungwicklungwicklungwicklungwicklungwicklungwicklungwicklungwicklungwicklungwicklungwicklungwicklungwicklungwicklungwicklungwicklungwicklungwicklungwicklungwicklungwicklungwicklungwicklungwicklungwicklungwicklungwicklungwicklungwicklungwicklungwicklungwicklungwicklungwicklungwicklungwicklungwicklungwicklungwicklungwicklungwicklungwicklungwicklungwicklungwicklungwicklungwicklungwicklungwicklungwicklungwicklungwicklungwicklungwicklungwicklungwicklungwicklungwicklungwicklungwicklungwicklungwicklungwicklungwicklungwicklungwicklungwicklungwicklungwicklungwicklungwicklungwicklungwicklungwicklungwicklungwicklungwicklungwicklungwicklungwicklungwicklungwicklungwicklungwicklungwicklungwicklungwicklungwicklungwicklungwicklungwicklungwicklungwicklungwicklungwicklungwicklungwicklungwicklungwicklungwicklungwicklungwicklungwicklungwicklungwicklungwicklungwicklungwicklungwicklungwicklungwicklungwicklungwicklungwicklungwicklungwicklungwicklungwicklungwicklungwicklungwicklungwicklungwicklungwicklungwicklungwicklungwicklungwicklungwicklungwicklungwicklungwicklungwicklungwicklungwicklungwicklungwicklungwicklungwicklungwicklungwicklungwicklungwicklungwicklungwicklungwicklungwicklungwicklungwicklungwicklungwicklungwicklungwicklungwicklungwicklungwicklungwicklungwicklungwicklung", "numeric_answer": null, "relative_error": null, "thinking_text": null, "has_tool_call": false, "tool_call": null, "usage": {"prompt_tokens": 104, "completion_tokens": 256, "total_tokens": 360, "token_count_source": "tokenizer"}, "decoding": {"temperature": 0.2, "top_p": null, "top_k": null, "max_tokens": 256, "seed": 42}, "prompt_tokens": 104, "completion_tokens": 256, "total_tokens": 360, "token_count_source": "tokenizer", "diffusion_steps": null, "flops_estimate": null, "flops_arch": null, "flops_model_params": null, "flops_active_params": null, "tokens_non_final": 1, "tokens_reasoning": 0, "tokens_response": 1, "elapsed_seconds": 18.56830072402954, "judgement": "Uncategorized"}
{"id": "units_000587", "topic": "units", "subtopic": "kg_g", "prompt": "An item costs $4.94 per kg. You take 350 g. About how much is that?", "exact_value": 1.73, "model": "tiiuae/Falcon-H1-7B-Instruct", "provider": "transformers", "response": "Finalютсяываютсяываютсяываютсяываютсяываютсяываютсяываютсяываютсяываютсяываютсяываютсяываютсяываютсяываютсяываютсяываютсяываютсяютсяываютсяываютсяываютсяываютсяываютсяютсяываютсяываютсяываютсяываютсяываютсяютсяываютсяываютсяываютсяываютсяываютсяютсяываютсяютсяываютсяываютсяываютсяываютсяываютсяютсяываютсяютсяываютсяываютсяываютсяываютсяываютсяютсяываютсяютсяываютсяютсяываютсяютсяываютсяютсяываютсяютсяываютсяютсяываютсяютсяываютсяютсяываютсяютсяываютсяютсяываютсяютсяываютсяютсяываютсяютсяываютсяютсяываютсяютсяываютсяютсяываютсяютсяываютсяютсяываютсяютсяываютсяютсяываютсяютсяываютсяютсяываютсяютсяываютсяютсяываютсяютсяываютсяютсяываютсяютсяываютсяютсяываютсяютсяываютсяютсяываютсяютсяываютсяютсяываютсяютсяываютсяютсяываютсяютсяываютсяютсяываютсяютсяываютсяютсяываютсяютсяываютсяютсяываютсяютсяываютсяютсяываютсяютсяываютсяютсяываютсяютсяываютсяютсяываютсяютсяываютсяютсяываютсяютсяываютсяютсяываютсяютсяываютсяютсяываютсяютсяываютсяютсяываютсяютсяываютсяютсяываютсяютсяываютсяютсяываютсяютсяываютсяютсяываютсяютсяываютсяютсяываютсяютсяываютсяютсяываютсяютсяываютсяютсяываютсяютсяываютсяютсяываютсяютсяываютсяютсяываютсяютсяываютсяютсяываютсяютсяываютсяютсяываютсяютсяываютсяютсяываютсяютсяываютсяютсяываютсяютсяываютсяютсяываютсяютсяываютсяютсяываютсяютсяываютсяютсяываютсяютсяываютсяютсяываютсяютсяываютсяютсяываютсяютсяываютсяютсяываютсяютсяываютсяютсяываютсяютсяываютсяютсяываютсяютсяываютсяютсяываютсяютсяываютсяютсяываютсяютсяываютсяютсяываютсяются", "numeric_answer": null, "relative_error": null, "thinking_text": null, "has_tool_call": false, "tool_call": null, "usage": {"prompt_tokens": 103, "completion_tokens": 256, "total_tokens": 359, "token_count_source": "tokenizer"}, "decoding": {"temperature": 0.2, "top_p": null, "top_k": null, "max_tokens": 256, "seed": 42}, "prompt_tokens": 103, "completion_tokens": 256, "total_tokens": 359, "token_count_source": "tokenizer", "diffusion_steps": null, "flops_estimate": null, "flops_arch": null, "flops_model_params": null, "flops_active_params": null, "tokens_non_final": 1, "tokens_reasoning": 0, "tokens_response": 1, "elapsed_seconds": 18.476312398910522, "judgement": "Uncategorized"}
{"id": "units_000607", "topic": "units", "subtopic": "kg_g", "prompt": "An item costs $11.97 per kg. You take 400 g. About how much is that?", "exact_value": 4.79, "model": "tiiuae/Falcon-H1-7B-Instruct", "provider": "transformers", "response": "Finalютсяываютсяываютсяываютсяываютсяываютсяываютсяываютсяываютсяываютсяываютсяываютсяываютсяываютсяываютсяываютсяываютсяываютсяютсяываютсяываютсяываютсяываютсяываютсяываютсяываютсяываютсяываютсяываютсяываютсяываютсяываютсяываютсяываютсяываютсяываютсяываютсяываютсяютсяываютсяываютсяываютсяываютсяываютсяываютсяываютсяываютсяываютсяываютсяываютсяываютсяываютсяываютсяываютсяываютсяываютсяываютсяываютсяютсяываютсяываютсяываютсяываютсяываютсяываютсяютсяываютсяываютсяываютсяываютсяываютсяываютсяютсяываютсяываютсяываютсяываютсяываютсяываютсяютсяываютсяываютсяютсяываютсяываютсяываютсяютсяываютсяютсяываютсяываютсяываютсяываютсяываютсяываютсяютсяываютсяываютсяываютсяываютсяываютсяываютсяютсяываютсяываютсяываютсяютсяываютсяютсяываютсяываютсяютсяываютсяываютсяываютсяютсяываютсяываютсяываютсяываютсяываютсяываютсяютсяываютсяываютсяываютсяываютсяываютсяываютсяютсяываютсяютсяываютсяываютсяываютсяютсяываютсяываютсяываютсяютсяываютсяютсяываютсяываютсяываютсяютсяываютсяываютсяываютсяютсяываютсяютсяываютсяываютсяываютсяютсяываютсяываютсяываютсяютсяываютсяютсяываютсяютсяываютсяываютсяываютсяютсяываютсяываютсяываютсяываютсяываютсяываютсяютсяываютсяываютсяываютсяютсяываютсяютсяываютсяываютсяываютсяютсяываютсяываютсяываютсяютсяываютсяютсяываютсяютсяываютсяываютсяываютсяютсяываютсяываютсяываютсяютсяываютсяютсяываютсяютсяываютсяываютсяываютсяютсяываютсяываютсяываютсяютсяываютсяютсяываютсяютсяываютсяываютсяываютсяютсяываютсяываютсяываютсяютсяываютсяютсяываютсяютсяываютсяываютсяываютсяютсяываютсяываютсяываютсяютсяываютсяютсяываютсяютсяываютсяываютсяываютсяютсяываютсяываютсяываютсяютсяываютсяютсяываютсяютсяываютсяываются", "numeric_answer": null, "relative_error": null, "thinking_text": null, "has_tool_call": false, "tool_call": null, "usage": {"prompt_tokens": 104, "completion_tokens": 256, "total_tokens": 360, "token_count_source": "tokenizer"}, "decoding": {"temperature": 0.2, "top_p": null, "top_k": null, "max_tokens": 256, "seed": 42}, "prompt_tokens": 104, "completion_tokens": 256, "total_tokens": 360, "token_count_source": "tokenizer", "diffusion_steps": null, "flops_estimate": null, "flops_arch": null, "flops_model_params": null, "flops_active_params": null, "tokens_non_final": 1, "tokens_reasoning": 0, "tokens_response": 1, "elapsed_seconds": 18.873308658599854, "judgement": "Uncategorized"}
{"id": "units_000627", "topic": "units", "subtopic": "lb_oz", "prompt": "You buy 2.13 lb at $11.95 per lb. About how much is that total?", "exact_value": 25.45, "model": "tiiuae/Falcon-H1-7B-Instruct", "provider": "transformers", "response": "Finalютсяwicklungwicklungwicklungwicklungwicklungwicklungwicklungwicklungwicklungwicklungwicklungwicklungwicklungwicklungwicklungwicklungwicklungwicklungwicklungwicklungwicklungwicklungwicklungwicklungwicklungwicklungwicklungwicklungwicklungwicklungwicklungwicklungwicklungwicklungwicklungwicklungwicklungwicklungwicklungwicklungwicklungwicklungwicklungwicklungwicklungwicklungwicklungwicklungwicklungwicklungwicklungwicklungwicklungwicklungwicklungwicklungwicklungwicklungwicklungwicklungwicklungwicklungwicklungwicklungwicklungwicklungwicklungwicklungwicklungwicklungwicklungwicklungwicklungwicklungwicklungwicklungwicklungwicklungwicklungwicklungwicklungwicklungwicklungwicklungwicklungwicklungwicklungwicklungwicklungwicklungwicklungwicklungwicklungwicklungwicklungwicklungwicklungwicklungwicklungwicklungwicklungwicklungwicklungwicklungwicklungwicklungwicklungwicklungwicklungwicklungwicklungwicklungwicklungwicklungwicklungwicklungwicklungwicklungwicklungwicklungwicklungwicklungwicklungwicklungwicklungwicklungwicklungwicklungwicklungwicklungwicklungwicklungwicklungwicklungwicklungwicklungwicklungwicklungwicklungwicklungwicklungwicklungwicklungwicklungwicklungwicklungwicklungwicklungwicklungwicklungwicklungwicklungwicklungwicklungwicklungwicklungwicklungwicklungwicklungwicklungwicklungwicklungwicklungwicklungwicklungwicklungwicklungwicklungwicklungwicklungwicklungwicklungwicklungwicklungwicklungwicklungwicklungwicklungwicklungwicklungwicklungwicklungwicklungwicklungwicklungwicklungwicklungwicklungwicklungwicklungwicklungwicklungwicklungwicklungwicklungwicklungwicklungwicklungwicklungwicklungwicklungwicklungwicklungwicklungwicklungwicklungwicklungwicklungwicklungwicklungwicklungwicklungwicklungwicklungwicklungwicklungwicklungwicklungwicklungwicklungwicklungwicklungwicklungwicklungwicklungwicklungwicklungwicklungwicklungwicklungwicklungwicklungwicklungwicklungwicklungwicklungwicklungwicklungwicklungwicklungwicklungwicklungwicklungwicklungwicklungwicklungwicklungwicklungwicklungwicklungwicklungwicklungwicklungwicklung", "numeric_answer": null, "relative_error": null, "thinking_text": null, "has_tool_call": false, "tool_call": null, "usage": {"prompt_tokens": 103, "completion_tokens": 256, "total_tokens": 359, "token_count_source": "tokenizer"}, "decoding": {"temperature": 0.2, "top_p": null, "top_k": null, "max_tokens": 256, "seed": 42}, "prompt_tokens": 103, "completion_tokens": 256, "total_tokens": 359, "token_count_source": "tokenizer", "diffusion_steps": null, "flops_estimate": null, "flops_arch": null, "flops_model_params": null, "flops_active_params": null, "tokens_non_final": 1, "tokens_reasoning": 0, "tokens_response": 1, "elapsed_seconds": 18.634900093078613, "judgement": "Uncategorized"}
{"id": "units_000647", "topic": "units", "subtopic": "kg_g", "prompt": "An item costs $10.91 per kg. You take 900 g. About how much is that?", "exact_value": 9.82, "model": "tiiuae/Falcon-H1-7B-Instruct", "provider": "transformers", "response": "Finalютсяываютсяываютсяываютсяываютсяываютсяываютсяываютсяываютсяываютсяываютсяываютсяываютсяываютсяываютсяываютсяываютсяываютсяютсяываютсяываютсяываютсяываютсяываютсяываютсяываютсяываютсяываютсяываютсяываютсяываютсяываютсяываютсяываютсяываютсяываютсяываютсяываютсяютсяываютсяываютсяываютсяываютсяываютсяываютсяываютсяываютсяываютсяываютсяываютсяываютсяываютсяываютсяываютсяываютсяываютсяываютсяываютсяываютсяываютсяютсяываютсяываютсяываютсяываютсяываютсяываютсяютсяываютсяываютсяываютсяываютсяываютсяываютсяываютсяываютсяываютсяываютсяютсяываютсяываютсяютсяываютсяютсяываютсяютсяываютсяютсяываютсяютсяываютсяютсяываютсяываютсяютсяываютсяываютсяываютсяютсяываютсяютсяываютсяютсяываютсяютсяываютсяютсяываютсяютсяываютсяютсяываютсяютсяываютсяываютсяютсяываютсяываютсяываютсяютсяываютсяютсяываютсяютсяываютсяютсяываютсяютсяываютсяютсяываютсяываютсяютсяываютсяываютсяываютсяютсяываютсяютсяываютсяютсяываютсяютсяываютсяютсяываютсяютсяываютсяютсяываютсяютсяываютсяываютсяютсяываютсяываютсяываютсяютсяываютсяютсяываютсяютсяываютсяютсяываютсяютсяываютсяютсяываютсяютсяываютсяываютсяютсяываютсяываютсяываютсяютсяываютсяютсяываютсяютсяываютсяютсяываютсяютсяываютсяютсяываютсяываютсяютсяываютсяываютсяываютсяютсяываютсяютсяываютсяютсяываютсяютсяываютсяютсяываютсяютсяываютсяываютсяютсяываютсяываютсяываютсяютсяываютсяютсяываютсяютсяываютсяютсяываютсяютсяываютсяютсяываютсяываютсяютсяываютсяываютсяываютсяютсяываютсяютсяываютсяютсяываютсяютсяываютсяютсяываютсяютсяываютсяываютсяютсяываютсяываютсяываютсяютсяываютсяютсяываютсяютсяываютсяютсяываютсяютсяываютсяываются", "numeric_answer": null, "relative_error": null, "thinking_text": null, "has_tool_call": false, "tool_call": null, "usage": {"prompt_tokens": 104, "completion_tokens": 256, "total_tokens": 360, "token_count_source": "tokenizer"}, "decoding": {"temperature": 0.2, "top_p": null, "top_k": null, "max_tokens": 256, "seed": 42}, "prompt_tokens": 104, "completion_tokens": 256, "total_tokens": 360, "token_count_source": "tokenizer", "diffusion_steps": null, "flops_estimate": null, "flops_arch": null, "flops_model_params": null, "flops_active_params": null, "tokens_non_final": 1, "tokens_reasoning": 0, "tokens_response": 1, "elapsed_seconds": 18.552490711212158, "judgement": "Uncategorized"}
{"id": "units_000667", "topic": "units", "subtopic": "kg_g", "prompt": "An item costs $13.39 per kg. You take 300 g. About how much is that?", "exact_value": 4.02, "model": "tiiuae/Falcon-H1-7B-Instruct", "provider": "transformers", "response": "Finalютсяываютсяываютсяываютсяываютсяываютсяываютсяываютсяываютсяываютсяываютсяываютсяываютсяываютсяываютсяываютсяываютсяываютсяютсяываютсяываютсяываютсяываютсяываютсяютсяываютсяываютсяываютсяываютсяываютсяываютсяютсяываютсяываютсяываютсяываютсяываютсяываютсяютсяываютсяываютсяываютсяываютсяываютсяываютсяютсяываютсяываютсяываютсяываютсяываютсяываютсяютсяываютсяываютсяываютсяываютсяываютсяываютсяютсяываютсяываютсяываютсяываютсяываютсяываютсяютсяываютсяываютсяываютсяываютсяываютсяываютсяютсяываютсяываютсяываютсяываютсяываютсяываютсяютсяываютсяываютсяываютсяываютсяываютсяываютсяютсяываютсяываютсяываютсяываютсяываютсяываютсяютсяываютсяываютсяываютсяываютсяываютсяываютсяютсяываютсяываютсяываютсяываютсяываютсяываютсяютсяываютсяываютсяываютсяываютсяываютсяываютсяютсяываютсяываютсяываютсяываютсяываютсяываютсяютсяываютсяываютсяываютсяываютсяываютсяываютсяютсяываютсяываютсяываютсяываютсяываютсяываютсяютсяываютсяываютсяываютсяываютсяываютсяываютсяютсяываютсяываютсяываютсяываютсяываютсяываютсяютсяываютсяываютсяываютсяываютсяываютсяываютсяютсяываютсяываютсяываютсяываютсяываютсяываютсяютсяываютсяываютсяываютсяываютсяываютсяываютсяютсяываютсяываютсяываютсяываютсяываютсяываютсяютсяываютсяываютсяываютсяываютсяываютсяываютсяютсяываютсяываютсяываютсяываютсяываютсяываютсяютсяываютсяываютсяываютсяываютсяываютсяываютсяютсяываютсяываютсяываютсяываютсяываютсяываютсяютсяываютсяываютсяываютсяываютсяываютсяываютсяютсяываютсяываютсяываютсяываютсяываютсяываютсяютсяываютсяываютсяываютсяываютсяываютсяываютсяютсяываютсяываютсяываютсяываютсяываютсяываютсяютсяываютсяываютсяываютсяываютсяываютсяываютсяютсяываютсяываютсяываютсяываютсяываютсяываютсяютсяываютсяываютсяываютсяываютсяываютсяываются", "numeric_answer": null, "relative_error": null, "thinking_text": null, "has_tool_call": false, "tool_call": null, "usage": {"prompt_tokens": 104, "completion_tokens": 256, "total_tokens": 360, "token_count_source": "tokenizer"}, "decoding": {"temperature": 0.2, "top_p": null, "top_k": null, "max_tokens": 256, "seed": 42}, "prompt_tokens": 104, "completion_tokens": 256, "total_tokens": 360, "token_count_source": "tokenizer", "diffusion_steps": null, "flops_estimate": null, "flops_arch": null, "flops_model_params": null, "flops_active_params": null, "tokens_non_final": 1, "tokens_reasoning": 0, "tokens_response": 1, "elapsed_seconds": 18.70106863975525, "judgement": "Uncategorized"}
{"id": "units_000687", "topic": "units", "subtopic": "lb_oz", "prompt": "You buy 1.93 lb at $5.24 per lb. About how much is that total?", "exact_value": 10.11, "model": "tiiuae/Falcon-H1-7B-Instruct", "provider": "transformers", "response": "Finalютсяываютсяываютсяываютсяываютсяываютсяываютсяываютсяываютсяываютсяываютсяываютсяываютсяываютсяываютсяываютсяываютсяываютсяываютсяываютсяываютсяываютсяываютсяываютсяываютсяываютсяываютсяываютсяываютсяываютсяываютсяываютсяываютсяываютсяываютсяываютсяываютсяываютсяываютсяываютсяываютсяываютсяываютсяываютсяываютсяываютсяываютсяываютсяываютсяываютсяываютсяываютсяываютсяываютсяываютсяываютсяываютсяываютсяываютсяываютсяываютсяываютсяываютсяютсяываютсяываютсяываютсяываютсяываютсяываютсяываютсяываютсяываютсяываютсяываютсяываютсяываютсяываютсяываютсяываютсяываютсяываютсяываютсяываютсяютсяываютсяываютсяываютсяываютсяываютсяываютсяываютсяываютсяываютсяываютсяываютсяываютсяываютсяютсяываютсяываютсяываютсяываютсяываютсяютсяываютсяываютсяываютсяываютсяываютсяываютсяютсяываютсяываютсяываютсяываютсяываютсяываютсяютсяываютсяываютсяываютсяываютсяываютсяываютсяываютсяютсяываютсяываютсяываютсяываютсяываютсяываютсяываютсяываютсяываютсяываютсяываютсяываютсяываютсяываютсяываютсяываютсяываютсяываютсяываютсяываютсяываютсяываютсяываютсяываютсяываютсяываютсяываютсяываютсяываютсяываютсяываютсяываютсяываютсяываютсяываютсяываютсяываютсяываютсяываютсяываютсяываютсяываютсяываютсяываютсяываютсяываютсяываютсяываютсяываютсяываютсяываютсяываютсяываютсяываютсяываютсяываютсяываютсяываютсяываютсяываютсяываютсяываютсяываютсяываютсяываютсяываютсяываютсяываютсяываютсяываютсяываютсяютсяываютсяываютсяываютсяываютсяываютсяываютсяываютсяываютсяываютсяываютсяываютсяываютсяываютсяываютсяываютсяываютсяываютсяываютсяываютсяываютсяываютсяываютсяываютсяываютсяываютсяываютсяываютсяываютсяываютсяываютсяываютсяываютсяываютсяываютсяываютсяываютсяываютсяываютсяываютсяываютсяываютсяываютсяываютсяываютсяываютсяываютсяываютсяываютсяываютсяываютсяываютсяываютсяываютсяываютсяываютсяываются", "numeric_answer": null, "relative_error": null, "thinking_text": null, "has_tool_call": false, "tool_call": null, "usage": {"prompt_tokens": 102, "completion_tokens": 256, "total_tokens": 358, "token_count_source": "tokenizer"}, "decoding": {"temperature": 0.2, "top_p": null, "top_k": null, "max_tokens": 256, "seed": 42}, "prompt_tokens": 102, "completion_tokens": 256, "total_tokens": 358, "token_count_source": "tokenizer", "diffusion_steps": null, "flops_estimate": null, "flops_arch": null, "flops_model_params": null, "flops_active_params": null, "tokens_non_final": 1, "tokens_reasoning": 0, "tokens_response": 1, "elapsed_seconds": 18.459439039230347, "judgement": "Uncategorized"}
{"id": "units_000707", "topic": "units", "subtopic": "kg_g", "prompt": "An item costs $7.61 per kg. You take 400 g. About how much is that?", "exact_value": 3.04, "model": "tiiuae/Falcon-H1-7B-Instruct", "provider": "transformers", "response": "Finalютсяwicklungwicklungwicklungwicklungwicklungwicklungwicklungwicklungwicklungwicklungwicklungwicklungwicklungwicklungwicklungwicklungwicklungwicklungwicklungwicklungwicklungwicklungwicklungwicklungwicklungwicklungwicklungwicklungwicklungwicklungwicklungwicklungwicklungwicklungwicklungwicklungwicklungwicklungwicklungwicklungwicklungwicklungwicklungwicklungwicklungwicklungwicklungwicklungwicklungwicklungwicklungwicklungwicklungwicklungwicklungwicklungwicklungwicklungwicklungwicklungwicklungwicklungwicklungwicklungwicklungwicklungwicklungwicklungwicklungwicklungwicklungwicklungwicklungwicklungwicklungwicklungwicklungwicklungwicklungwicklungwicklungwicklungwicklungwicklungwicklungwicklungwicklungwicklungwicklungwicklungwicklungwicklungwicklungwicklungwicklungwicklungwicklungwicklungwicklungwicklungwicklungwicklungwicklungwicklungwicklungwicklungwicklungwicklungwicklungwicklungwicklungwicklungwicklungwicklungwicklungwicklungwicklungwicklungwicklungwicklungwicklungwicklungwicklungwicklungwicklungwicklungwicklungwicklungwicklungwicklungwicklungwicklungwicklungwicklungwicklungwicklungwicklungwicklungwicklungwicklungwicklungwicklungwicklungwicklungwicklungwicklungwicklungwicklungwicklungwicklungwicklungwicklungwicklungwicklungwicklungwicklungwicklungwicklungwicklungwicklungwicklungwicklungwicklungwicklungwicklungwicklungwicklungwicklungwicklungwicklungwicklungwicklungwicklungwicklungwicklungwicklungwicklungwicklungwicklungwicklungwicklungwicklungwicklungwicklungwicklungwicklungwicklungwicklungwicklungwicklungwicklungwicklungwicklungwicklungwicklungwicklungwicklungwicklungwicklungwicklungwicklungwicklungwicklungwicklungwicklungwicklungwicklungwicklungwicklungwicklungwicklungwicklungwicklungwicklungwicklungwicklungwicklungwicklungwicklungwicklungwicklungwicklungwicklungwicklungwicklungwicklungwicklungwicklungwicklungwicklungwicklungwicklungwicklungwicklungwicklungwicklungwicklungwicklungwicklungwicklungwicklungwicklungwicklungwicklungwicklungwicklungwicklungwicklungwicklungwicklungwicklungwicklungwicklungwicklung", "numeric_answer": null, "relative_error": null, "thinking_text": null, "has_tool_call": false, "tool_call": null, "usage": {"prompt_tokens": 103, "completion_tokens": 256, "total_tokens": 359, "token_count_source": "tokenizer"}, "decoding": {"temperature": 0.2, "top_p": null, "top_k": null, "max_tokens": 256, "seed": 42}, "prompt_tokens": 103, "completion_tokens": 256, "total_tokens": 359, "token_count_source": "tokenizer", "diffusion_steps": null, "flops_estimate": null, "flops_arch": null, "flops_model_params": null, "flops_active_params": null, "tokens_non_final": 1, "tokens_reasoning": 0, "tokens_response": 1, "elapsed_seconds": 18.443132162094116, "judgement": "Uncategorized"}
{"id": "units_000727", "topic": "units", "subtopic": "lb_oz", "prompt": "You buy 3.59 lb at $10.93 per lb. About how much is that total?", "exact_value": 39.24, "model": "tiiuae/Falcon-H1-7B-Instruct", "provider": "transformers", "response": "Finalются примерно путем умножения веса на цену за фунтются примерно путем умножения весутсяются примерно путем умножения веса на ценутсяются примерно путем умножения весутсяются примерно путем умножения весутсяются примерно путем умножения весутсяются примерно путем умножения весютсяются примерно путем умножения весютсяются примерно путем умножения весютсяются примерно путем умножения весютсяются примерно путем умножения весютсяются примерно путем умножения весютсяются примерно путем умножения весютсяются примерно путем умножения весютсяются примерно путем умножения весютсяются примерно путем умножения весютсяются примерно путем умножения весютсяются примерно путем умножения весютсяются примерно путем умножения весютсяются примерно путем умножения весютсяются примерно путем умножения весютсяются примерно путем умножения весютсяются примерно путем умножения весютсяются примерно путем умножения весютсяются примерно путем умножения весютсяются примерно путем умножения весютсяются примерно путем умножения весютсяются примерно путем", "numeric_answer": null, "relative_error": null, "thinking_text": null, "has_tool_call": false, "tool_call": null, "usage": {"prompt_tokens": 103, "completion_tokens": 256, "total_tokens": 359, "token_count_source": "tokenizer"}, "decoding": {"temperature": 0.2, "top_p": null, "top_k": null, "max_tokens": 256, "seed": 42}, "prompt_tokens": 103, "completion_tokens": 256, "total_tokens": 359, "token_count_source": "tokenizer", "diffusion_steps": null, "flops_estimate": null, "flops_arch": null, "flops_model_params": null, "flops_active_params": null, "tokens_non_final": 117, "tokens_reasoning": 0, "tokens_response": 117, "elapsed_seconds": 18.755112409591675, "judgement": "Uncategorized"}
{"id": "units_000747", "topic": "units", "subtopic": "lb_oz", "prompt": "You buy 2.72 lb at $3.64 per lb. About how much is that total?", "exact_value": 9.9, "model": "tiiuae/Falcon-H1-7B-Instruct", "provider": "transformers", "response": "Finalютсяwicklungwicklungwicklungwicklungwicklungwicklungwicklungwicklungwicklungwicklungwicklungwicklungwicklungwicklungwicklungwicklungwicklungwicklungwicklungwicklungwicklungwicklungwicklungwicklungwicklungwicklungwicklungwicklungwicklungwicklungwicklungwicklungwicklungwicklungwicklungwicklungwicklungwicklungwicklungwicklungwicklungwicklungwicklungwicklungwicklungwicklungwicklungwicklungwicklungwicklungwicklungwicklungwicklungwicklungwicklungwicklungwicklungwicklungwicklungwicklungwicklungwicklungwicklungwicklungwicklungwicklungwicklungwicklungwicklungwicklungwicklungwicklungwicklungwicklungwicklungwicklungwicklungwicklungwicklungwicklungwicklungwicklungwicklungwicklungwicklungwicklungwicklungwicklungwicklungwicklungwicklungwicklungwicklungwicklungwicklungwicklungwicklungwicklungwicklungwicklungwicklungwicklungwicklungwicklungwicklungwicklungwicklungwicklungwicklungwicklungwicklungwicklungwicklungwicklungwicklungwicklungwicklungwicklungwicklungwicklungwicklungwicklungwicklungwicklungwicklungwicklungwicklungwicklungwicklungwicklungwicklungwicklungwicklungwicklungwicklungwicklungwicklungwicklungwicklungwicklungwicklungwicklungwicklungwicklungwicklungwicklungwicklungwicklungwicklungwicklungwicklungwicklungwicklungwicklungwicklungwicklungwicklungwicklungwicklungwicklungwicklungwicklungwicklungwicklungwicklungwicklungwicklungwicklungwicklungwicklungwicklungwicklungwicklungwicklungwicklungwicklungwicklungwicklungwicklungwicklungwicklungwicklungwicklungwicklungwicklungwicklungwicklungwicklungwicklungwicklungwicklungwicklungwicklungwicklungwicklungwicklungwicklungwicklungwicklungwicklungwicklungwicklungwicklungwicklungwicklungwicklungwicklungwicklungwicklungwicklungwicklungwicklungwicklungwicklungwicklungwicklungwicklungwicklungwicklungwicklungwicklungwicklungwicklungwicklungwicklungwicklungwicklungwicklungwicklungwicklungwicklungwicklungwicklungwicklungwicklungwicklungwicklungwicklungwicklungwicklungwicklungwicklungwicklungwicklungwicklungwicklungwicklungwicklungwicklungwicklungwicklungwicklungwicklungwicklung", "numeric_answer": null, "relative_error": null, "thinking_text": null, "has_tool_call": false, "tool_call": null, "usage": {"prompt_tokens": 102, "completion_tokens": 256, "total_tokens": 358, "token_count_source": "tokenizer"}, "decoding": {"temperature": 0.2, "top_p": null, "top_k": null, "max_tokens": 256, "seed": 42}, "prompt_tokens": 102, "completion_tokens": 256, "total_tokens": 358, "token_count_source": "tokenizer", "diffusion_steps": null, "flops_estimate": null, "flops_arch": null, "flops_model_params": null, "flops_active_params": null, "tokens_non_final": 1, "tokens_reasoning": 0, "tokens_response": 1, "elapsed_seconds": 18.772292852401733, "judgement": "Uncategorized"}
{"id": "units_000767", "topic": "units", "subtopic": "kg_g", "prompt": "An item costs $11.67 per kg. You take 900 g. About how much is that?", "exact_value": 10.5, "model": "tiiuae/Falcon-H1-7B-Instruct", "provider": "transformers", "response": "Finalютсяываютсяываютсяываютсяываютсяываютсяываютсяываютсяываютсяываютсяываютсяываютсяываютсяываютсяываютсяываютсяываютсяываютсяютсяываютсяываютсяываютсяываютсяываютсяютсяываютсяываютсяываютсяываютсяываютсяываютсяютсяываютсяываютсяываютсяываютсяываютсяываютсяютсяываютсяываютсяываютсяываютсяываютсяываютсяютсяываютсяютсяываютсяываютсяываютсяываютсяываютсяываютсяютсяываютсяываютсяываютсяываютсяываютсяываютсяютсяываютсяютсяываютсяываютсяываютсяываютсяываютсяываютсяютсяываютсяываютсяютсяываютсяютсяываютсяютсяываютсяютсяываютсяютсяываютсяютсяываютсяютсяываютсяютсяываютсяютсяываютсяютсяываютсяютсяываютсяютсяываютсяютсяываютсяютсяываютсяютсяываютсяютсяываютсяютсяываютсяютсяываютсяютсяываютсяютсяываютсяютсяываютсяютсяываютсяютсяываютсяютсяываютсяютсяываютсяютсяываютсяютсяываютсяютсяываютсяютсяываютсяютсяываютсяютсяываютсяютсяываютсяютсяываютсяютсяываютсяютсяываютсяютсяываютсяютсяываютсяютсяываютсяютсяываютсяютсяываютсяютсяываютсяютсяываютсяютсяываютсяютсяываютсяютсяываютсяютсяываютсяютсяываютсяютсяываютсяютсяываютсяютсяываютсяютсяываютсяютсяываютсяютсяываютсяютсяываютсяютсяываютсяютсяываютсяютсяываютсяютсяываютсяютсяываютсяютсяываютсяютсяываютсяютсяываютсяютсяываютсяютсяываютсяютсяываютсяютсяываютсяютсяываютсяютсяываютсяютсяываютсяютсяываютсяютсяываютсяютсяываютсяютсяываютсяютсяываютсяютсяываютсяютсяываютсяютсяываютсяютсяываютсяютсяываютсяютсяываютсяютсяываютсяютсяываютсяютсяываютсяютсяываютсяютсяываютсяютсяываютсяютсяываютсяютсяываютсяютсяываютсяютсяываютсяютсяываются", "numeric_answer": null, "relative_error": null, "thinking_text": null, "has_tool_call": false, "tool_call": null, "usage": {"prompt_tokens": 104, "completion_tokens": 256, "total_tokens": 360, "token_count_source": "tokenizer"}, "decoding": {"temperature": 0.2, "top_p": null, "top_k": null, "max_tokens": 256, "seed": 42}, "prompt_tokens": 104, "completion_tokens": 256, "total_tokens": 360, "token_count_source": "tokenizer", "diffusion_steps": null, "flops_estimate": null, "flops_arch": null, "flops_model_params": null, "flops_active_params": null, "tokens_non_final": 1, "tokens_reasoning": 0, "tokens_response": 1, "elapsed_seconds": 18.428011417388916, "judgement": "Uncategorized"}
{"id": "units_000787", "topic": "units", "subtopic": "kg_g", "prompt": "An item costs $10.33 per kg. You take 400 g. About how much is that?", "exact_value": 4.13, "model": "tiiuae/Falcon-H1-7B-Instruct", "provider": "transformers", "response": "Finalютсяываютсяываютсяываютсяываютсяываютсяываютсяываютсяываютсяываютсяываютсяываютсяываютсяываютсяываютсяываютсяываютсяываютсяываютсяываютсяываютсяываютсяываютсяываютсяываютсяываютсяютсяываютсяываютсяываютсяываютсяываютсяываютсяываютсяываютсяываютсяываютсяываютсяываютсяываютсяываютсяываютсяываютсяываютсяываютсяываютсяываютсяываютсяываютсяываютсяываютсяываютсяываютсяываютсяываютсяываютсяываютсяываютсяываютсяываютсяываютсяываютсяываютсяываютсяываютсяываютсяываютсяываютсяываютсяываютсяываютсяываютсяываютсяываютсяываютсяываютсяываютсяютсяываютсяютсяываютсяываютсяываютсяываютсяываютсяываютсяютсяываютсяываютсяываютсяываютсяываютсяываютсяываютсяываютсяываютсяываютсяываютсяываютсяываютсяываютсяываютсяываютсяываютсяываютсяываютсяываютсяываютсяютсяываютсяываютсяываютсяываютсяываютсяываютсяютсяываютсяываютсяываютсяываютсяываютсяываютсяываютсяываютсяываютсяываютсяютсяываютсяютсяываютсяываютсяютсяываютсяываютсяываютсяываютсяываютсяываютсяываютсяываютсяываютсяываютсяываютсяываютсяываютсяываютсяываютсяываютсяываютсяютсяываютсяютсяываютсяютсяываютсяываютсяываютсяютсяываютсяываютсяываютсяываютсяываютсяываютсяываютсяываютсяываютсяываютсяываютсяываютсяываютсяываютсяываютсяываютсяываютсяываютсяываютсяываютсяываютсяываютсяываютсяываютсяываютсяываютсяываютсяываютсяываютсяываютсяываютсяываютсяываютсяываютсяываютсяываютсяываютсяываютсяываютсяываютсяываютсяываютсяываютсяываютсяываютсяываютсяываютсяываютсяываютсяываютсяываютсяываютсяываютсяываютсяываютсяываютсяываютсяываютсяываютсяываютсяываютсяываютсяываютсяываютсяываютсяываютсяываютсяываютсяываютсяываютсяываютсяываютсяываютсяываютсяываютсяываютсяываютсяываютсяываютсяываютсяываютсяываютсяываютсяываютсяываютсяываютсяываютсяываютсяываютсяываютсяываютсяываютсяываютсяываютсяютсяываютсяются", "numeric_answer": null, "relative_error": null, "thinking_text": null, "has_tool_call": false, "tool_call": null, "usage": {"prompt_tokens": 104, "completion_tokens": 256, "total_tokens": 360, "token_count_source": "tokenizer"}, "decoding": {"temperature": 0.2, "top_p": null, "top_k": null, "max_tokens": 256, "seed": 42}, "prompt_tokens": 104, "completion_tokens": 256, "total_tokens": 360, "token_count_source": "tokenizer", "diffusion_steps": null, "flops_estimate": null, "flops_arch": null, "flops_model_params": null, "flops_active_params": null, "tokens_non_final": 1, "tokens_reasoning": 0, "tokens_response": 1, "elapsed_seconds": 18.50313639640808, "judgement": "Uncategorized"}
{"id": "units_000807", "topic": "units", "subtopic": "kg_g", "prompt": "An item costs $17.42 per kg. You take 400 g. About how much is that?", "exact_value": 6.97, "model": "tiiuae/Falcon-H1-7B-Instruct", "provider": "transformers", "response": "Finalютсяываютсяываютсяываютсяываютсяываютсяываютсяываютсяываютсяываютсяываютсяываютсяываютсяываютсяываютсяываютсяываютсяываютсяютсяываютсяываютсяываютсяываютсяываютсяываютсяываютсяываютсяываютсяываютсяываютсяываютсяываютсяютсяываютсяываютсяываютсяываютсяываютсяываютсяютсяываютсяываютсяываютсяываютсяываютсяываютсяютсяываютсяываютсяываютсяываютсяываютсяываютсяютсяываютсяываютсяываютсяываютсяываютсяываютсяютсяываютсяываютсяываютсяываютсяываютсяываютсяютсяываютсяываютсяываютсяываютсяываютсяываютсяютсяываютсяютсяываютсяываютсяываютсяываютсяываютсяываютсяываютсяываютсяываютсяываютсяываютсяываютсяываютсяываютсяываютсяываютсяываютсяываютсяываютсяываютсяываютсяываютсяываютсяываютсяываютсяываютсяываютсяываютсяютсяываютсяываютсяываютсяываютсяываютсяываютсяываютсяываютсяываютсяываютсяываютсяываютсяываютсяываютсяываютсяываютсяываютсяываютсяютсяываютсяываютсяываютсяываютсяываютсяываютсяываютсяываютсяываютсяываютсяываютсяываютсяываютсяываютсяываютсяываютсяютсяываютсяываютсяываютсяываютсяываютсяютсяываютсяываютсяываютсяываютсяываютсяываютсяютсяываютсяываютсяываютсяываютсяываютсяываютсяютсяываютсяываютсяываютсяываютсяываютсяываютсяютсяываютсяютсяываютсяываютсяываютсяываютсяываютсяываютсяютсяываютсяываютсяютсяываютсяютсяываютсяютсяываютсяютсяываютсяютсяываютсяютсяываютсяютсяываютсяютсяываютсяютсяываютсяютсяываютсяютсяываютсяютсяываютсяютсяываютсяютсяываютсяютсяываютсяютсяываютсяютсяываютсяютсяываютсяютсяываютсяютсяываютсяютсяываютсяютсяываютсяютсяываютсяютсяываютсяютсяываютсяютсяываютсяютсяываютсяютсяываютсяютсяываютсяютсяываютсяютсяываютсяютсяываютсяютсяываютсяютсяываютсяютсяываютсяютсяываютсяютсяываютсяются", "numeric_answer": null, "relative_error": null, "thinking_text": null, "has_tool_call": false, "tool_call": null, "usage": {"prompt_tokens": 104, "completion_tokens": 256, "total_tokens": 360, "token_count_source": "tokenizer"}, "decoding": {"temperature": 0.2, "top_p": null, "top_k": null, "max_tokens": 256, "seed": 42}, "prompt_tokens": 104, "completion_tokens": 256, "total_tokens": 360, "token_count_source": "tokenizer", "diffusion_steps": null, "flops_estimate": null, "flops_arch": null, "flops_model_params": null, "flops_active_params": null, "tokens_non_final": 1, "tokens_reasoning": 0, "tokens_response": 1, "elapsed_seconds": 18.762673139572144, "judgement": "Uncategorized"}
{"id": "units_000827", "topic": "units", "subtopic": "lb_oz", "prompt": "You buy 3.71 lb at $14.59 per lb. About how much is that total?", "exact_value": 54.13, "model": "tiiuae/Falcon-H1-7B-Instruct", "provider": "transformers", "response": "Finalютсяываютсяываютсяываютсяываютсяываютсяываютсяываютсяываютсяываютсяываютсяываютсяываютсяываютсяываютсяываютсяываютсяютсяываютсяываютсяываютсяываютсяываютсяютсяываютсяываютсяываютсяываютсяываютсяываютсяютсяываютсяываютсяываютсяываютсяываютсяываютсяютсяываютсяываютсяываютсяываютсяываютсяываютсяютсяываютсяываютсяываютсяютсяываютсяываютсяываютсяываютсяываютсяываютсяютсяываютсяываютсяываютсяываютсяываютсяываютсяываютсяываютсяываютсяываютсяываютсяываютсяываютсяываютсяываютсяываютсяываютсяываютсяываютсяываютсяываютсяываютсяываютсяываютсяываютсяываютсяываютсяываютсяываютсяываютсяываютсяываютсяываютсяываютсяываютсяываютсяываютсяываютсяываютсяываютсяываютсяываютсяываютсяываютсяываютсяываютсяываютсяываютсяываютсяываютсяываютсяываютсяываютсяываютсяываютсяываютсяываютсяываютсяываютсяываютсяываютсяываютсяываютсяываютсяываютсяываютсяываютсяываютсяываютсяываютсяываютсяываютсяываютсяываютсяываютсяываютсяываютсяываютсяываютсяываютсяываютсяываютсяываютсяываютсяываютсяываютсяываютсяываютсяываютсяываютсяываютсяываютсяываютсяываютсяываютсяываютсяываютсяываютсяываютсяываютсяываютсяываютсяываютсяываютсяываютсяываютсяываютсяываютсяываютсяываютсяываютсяываютсяываютсяываютсяываютсяываютсяываютсяываютсяываютсяываютсяываютсяываютсяываютсяываютсяываютсяываютсяываютсяываютсяываютсяываютсяываютсяываютсяываютсяываютсяываютсяываютсяываютсяываютсяываютсяываютсяываютсяываютсяываютсяываютсяываютсяываютсяываютсяываютсяываютсяываютсяываютсяываютсяываютсяываютсяываютсяываютсяываютсяываютсяываютсяываютсяываютсяываютсяываютсяываютсяываютсяываютсяываютсяываютсяываютсяываютсяываютсяываютсяываютсяываютсяываютсяываютсяываютсяываютсяываютсяываютсяываютсяываютсяываютсяываютсяываютсяываютсяываютсяываютсяываютсяываютсяываютсяываютсяываютсяываютсяываютсяываютсяываютсяываютсяываются", "numeric_answer": null, "relative_error": null, "thinking_text": null, "has_tool_call": false, "tool_call": null, "usage": {"prompt_tokens": 103, "completion_tokens": 256, "total_tokens": 359, "token_count_source": "tokenizer"}, "decoding": {"temperature": 0.2, "top_p": null, "top_k": null, "max_tokens": 256, "seed": 42}, "prompt_tokens": 103, "completion_tokens": 256, "total_tokens": 359, "token_count_source": "tokenizer", "diffusion_steps": null, "flops_estimate": null, "flops_arch": null, "flops_model_params": null, "flops_active_params": null, "tokens_non_final": 1, "tokens_reasoning": 0, "tokens_response": 1, "elapsed_seconds": 18.677483320236206, "judgement": "Uncategorized"}
{"id": "units_000847", "topic": "units", "subtopic": "kg_g", "prompt": "An item costs $16.02 per kg. You take 300 g. About how much is that?", "exact_value": 4.81, "model": "tiiuae/Falcon-H1-7B-Instruct", "provider": "transformers", "response": "Finalютсяываютсяываютсяываютсяываютсяываютсяываютсяываютсяываютсяываютсяываютсяываютсяываютсяываютсяываютсяываютсяываютсяываютсяютсяываютсяываютсяываютсяываютсяываютсяютсяываютсяываютсяываютсяываютсяываютсяываютсяютсяываютсяываютсяываютсяываютсяываютсяываютсяютсяываютсяываютсяываютсяываютсяываютсяываютсяютсяываютсяываютсяываютсяываютсяываютсяываютсяютсяываютсяютсяываютсяываютсяываютсяываютсяываютсяываютсяютсяываютсяютсяываютсяываютсяываютсяываютсяываютсяываютсяютсяываютсяютсяываютсяываютсяываютсяываютсяываютсяываютсяютсяываютсяютсяываютсяываютсяываютсяываютсяываютсяываютсяютсяываютсяютсяываютсяываютсяываютсяываютсяываютсяываютсяютсяываютсяютсяываютсяываютсяываютсяываютсяываютсяываютсяютсяываютсяютсяываютсяываютсяываютсяываютсяываютсяываютсяютсяываютсяютсяываютсяываютсяываютсяываютсяываютсяываютсяютсяываютсяютсяываютсяываютсяываютсяываютсяываютсяываютсяютсяываютсяютсяываютсяываютсяываютсяываютсяываютсяываютсяютсяываютсяютсяываютсяываютсяываютсяываютсяываютсяываютсяютсяываютсяютсяываютсяываютсяываютсяываютсяываютсяываютсяютсяываютсяютсяываютсяываютсяываютсяываютсяываютсяываютсяютсяываютсяютсяываютсяываютсяываютсяываютсяываютсяываютсяютсяываютсяютсяываютсяываютсяываютсяываютсяываютсяываютсяютсяываютсяютсяываютсяываютсяываютсяываютсяываютсяываютсяютсяываютсяютсяываютсяываютсяываютсяываютсяываютсяываютсяютсяываютсяютсяываютсяываютсяываютсяываютсяываютсяываютсяютсяываютсяютсяываютсяываютсяываютсяываютсяываютсяываютсяютсяываютсяютсяываютсяываютсяываютсяываютсяываютсяываютсяютсяываютсяютсяываютсяываютсяютсяываютсяываютсяываютсяываютсяываютсяываютсяютсяываютсяютсяываютсяываютсяываютсяываютсяываютсяываютсяютсяываются", "numeric_answer": null, "relative_error": null, "thinking_text": null, "has_tool_call": false, "tool_call": null, "usage": {"prompt_tokens": 104, "completion_tokens": 256, "total_tokens": 360, "token_count_source": "tokenizer"}, "decoding": {"temperature": 0.2, "top_p": null, "top_k": null, "max_tokens": 256, "seed": 42}, "prompt_tokens": 104, "completion_tokens": 256, "total_tokens": 360, "token_count_source": "tokenizer", "diffusion_steps": null, "flops_estimate": null, "flops_arch": null, "flops_model_params": null, "flops_active_params": null, "tokens_non_final": 1, "tokens_reasoning": 0, "tokens_response": 1, "elapsed_seconds": 18.659451007843018, "judgement": "Uncategorized"}
{"id": "units_000867", "topic": "units", "subtopic": "kg_g", "prompt": "An item costs $19.16 per kg. You take 750 g. About how much is that?", "exact_value": 14.37, "model": "tiiuae/Falcon-H1-7B-Instruct", "provider": "transformers", "response": "Finalютсяываютсяываютсяываютсяываютсяываютсяываютсяываютсяываютсяываютсяываютсяываютсяываютсяываютсяываютсяываютсяываютсяютсяываютсяываютсяываютсяываютсяываютсяютсяываютсяываютсяываютсяываютсяываютсяываютсяютсяываютсяываютсяываютсяываютсяываютсяываютсяютсяываютсяютсяываютсяываютсяываютсяываютсяываютсяываютсяютсяываютсяютсяываютсяываютсяываютсяываютсяываютсяываютсяютсяываютсяютсяываютсяываютсяываютсяываютсяываютсяываютсяютсяываютсяютсяываютсяютсяываютсяютсяываютсяываютсяютсяываютсяютсяываютсяютсяываютсяютсяываютсяютсяываютсяютсяываютсяютсяываютсяютсяываютсяютсяываютсяютсяываютсяютсяываютсяютсяываютсяютсяываютсяютсяываютсяютсяываютсяютсяываютсяютсяываютсяютсяываютсяютсяываютсяютсяываютсяютсяываютсяютсяываютсяютсяываютсяютсяываютсяютсяываютсяютсяываютсяютсяываютсяютсяываютсяютсяываютсяютсяываютсяютсяываютсяютсяываютсяютсяываютсяютсяываютсяютсяываютсяютсяываютсяютсяываютсяютсяываютсяютсяываютсяютсяываютсяютсяываютсяютсяываютсяютсяываютсяютсяываютсяютсяываютсяютсяываютсяютсяываютсяютсяываютсяютсяываютсяютсяываютсяютсяываютсяютсяываютсяютсяываютсяютсяываютсяютсяываютсяютсяываютсяютсяываютсяютсяываютсяютсяываютсяютсяываютсяютсяываютсяютсяываютсяютсяываютсяютсяываютсяютсяываютсяютсяываютсяютсяываютсяютсяываютсяютсяываютсяютсяываютсяютсяываютсяютсяываютсяютсяываютсяютсяываютсяютсяываютсяютсяываютсяютсяываютсяютсяываютсяютсяываютсяютсяываютсяютсяываютсяютсяываютсяютсяываютсяютсяываютсяютсяываютсяютсяываютсяютсяываютсяютсяываютсяютсяываютсяютсяываютсяютсяываются", "numeric_answer": null, "relative_error": null, "thinking_text": null, "has_tool_call": false, "tool_call": null, "usage": {"prompt_tokens": 104, "completion_tokens": 256, "total_tokens": 360, "token_count_source": "tokenizer"}, "decoding": {"temperature": 0.2, "top_p": null, "top_k": null, "max_tokens": 256, "seed": 42}, "prompt_tokens": 104, "completion_tokens": 256, "total_tokens": 360, "token_count_source": "tokenizer", "diffusion_steps": null, "flops_estimate": null, "flops_arch": null, "flops_model_params": null, "flops_active_params": null, "tokens_non_final": 1, "tokens_reasoning": 0, "tokens_response": 1, "elapsed_seconds": 18.395997285842896, "judgement": "Uncategorized"}
{"id": "units_000887", "topic": "units", "subtopic": "kg_g", "prompt": "An item costs $4.82 per kg. You take 750 g. About how much is that?", "exact_value": 3.62, "model": "tiiuae/Falcon-H1-7B-Instruct", "provider": "transformers", "response": "Finalютсяываютсяываютсяываютсяываютсяываютсяываютсяываютсяываютсяываютсяываютсяываютсяываютсяываютсяываютсяываютсяываютсяываютсяютсяываютсяываютсяываютсяываютсяываютсяютсяываютсяываютсяываютсяываютсяываютсяываютсяютсяываютсяываютсяываютсяываютсяываютсяываютсяютсяываютсяываютсяываютсяываютсяываютсяываютсяютсяываютсяываютсяываютсяываютсяываютсяываютсяютсяываютсяываютсяываютсяываютсяываютсяываютсяютсяываютсяютсяываютсяываютсяютсяываютсяютсяываютсяютсяываютсяютсяываютсяютсяываютсяютсяываютсяютсяываютсяютсяываютсяютсяываютсяютсяываютсяютсяываютсяютсяываютсяютсяываютсяютсяываютсяютсяываютсяютсяываютсяютсяываютсяютсяываютсяютсяываютсяютсяываютсяютсяываютсяютсяываютсяютсяываютсяютсяываютсяютсяываютсяютсяываютсяютсяываютсяютсяываютсяютсяываютсяютсяываютсяютсяываютсяютсяываютсяютсяываютсяютсяываютсяютсяываютсяютсяываютсяютсяываютсяютсяываютсяютсяываютсяютсяываютсяютсяываютсяютсяываютсяютсяываютсяютсяываютсяютсяываютсяютсяываютсяютсяываютсяютсяываютсяютсяываютсяютсяываютсяютсяываютсяютсяываютсяютсяываютсяютсяываютсяютсяываютсяютсяываютсяютсяываютсяютсяываютсяютсяываютсяютсяываютсяютсяываютсяютсяываютсяютсяываютсяютсяываютсяютсяываютсяютсяываютсяютсяываютсяютсяываютсяютсяываютсяютсяываютсяютсяываютсяютсяываютсяютсяываютсяютсяываютсяютсяываютсяютсяываютсяютсяываютсяютсяываютсяютсяываютсяютсяываютсяютсяываютсяютсяываютсяютсяываютсяютсяываютсяютсяываютсяютсяываютсяютсяываютсяютсяываютсяютсяываютсяютсяываютсяютсяываютсяютсяываютсяютсяываютсяютсяываютсяютсяываютсяются", "numeric_answer": null, "relative_error": null, "thinking_text": null, "has_tool_call": false, "tool_call": null, "usage": {"prompt_tokens": 103, "completion_tokens": 256, "total_tokens": 359, "token_count_source": "tokenizer"}, "decoding": {"temperature": 0.2, "top_p": null, "top_k": null, "max_tokens": 256, "seed": 42}, "prompt_tokens": 103, "completion_tokens": 256, "total_tokens": 359, "token_count_source": "tokenizer", "diffusion_steps": null, "flops_estimate": null, "flops_arch": null, "flops_model_params": null, "flops_active_params": null, "tokens_non_final": 1, "tokens_reasoning": 0, "tokens_response": 1, "elapsed_seconds": 18.377017974853516, "judgement": "Uncategorized"}
{"id": "units_000907", "topic": "units", "subtopic": "lb_oz", "prompt": "You buy 1.03 lb at $7.95 per lb. About how much is that total?", "exact_value": 8.19, "model": "tiiuae/Falcon-H1-7B-Instruct", "provider": "transformers", "response": "Finalются примерно путем умножения веса на цену за фунтются примерно путем умножения весутсяются примерно путем умножения веса на ценутсяются примерно путем умножения весутсяются примерно путем умножения весутсяются примерно путем умножения весутсяются примерно путем умножения весютсяются примерно путем умножения весутсяются примерно путем умножения весютсяются примерно путем умножения весютсяются примерно путем умножения весютсяются примерно путем умножения весютсяются примерно путем умножения весютсяются примерно путем умножения весютсяются примерно путем умножения весютсяются примерно путем умножения весютсяются примерно путем умножения весютсяются примерно путем умножения весютсяются примерно путем умножения весютсяются примерно путем умножения весютсяются примерно путем умножения весютсяются примерно путем умножения весютсяются примерно путем умножения весютсяются примерно путем умножения весютсяются примерно путем умножения весютсяются примерно путем умножения весютсяются примерно путем умножения весютсяются примерно путем", "numeric_answer": null, "relative_error": null, "thinking_text": null, "has_tool_call": false, "tool_call": null, "usage": {"prompt_tokens": 102, "completion_tokens": 256, "total_tokens": 358, "token_count_source": "tokenizer"}, "decoding": {"temperature": 0.2, "top_p": null, "top_k": null, "max_tokens": 256, "seed": 42}, "prompt_tokens": 102, "completion_tokens": 256, "total_tokens": 358, "token_count_source": "tokenizer", "diffusion_steps": null, "flops_estimate": null, "flops_arch": null, "flops_model_params": null, "flops_active_params": null, "tokens_non_final": 117, "tokens_reasoning": 0, "tokens_response": 117, "elapsed_seconds": 18.38826036453247, "judgement": "Uncategorized"}
{"id": "units_000927", "topic": "units", "subtopic": "lb_oz", "prompt": "You buy 4.57 lb at $4.76 per lb. About how much is that total?", "exact_value": 21.75, "model": "tiiuae/Falcon-H1-7B-Instruct", "provider": "transformers", "response": "Finalются примерно путем умножения веса на цену за фунтются примерно путем умножения весутсяются примерно путем умножения весаются примерно путем умножения весутся примерно путем умножения весутсяются примерно путем умножения весютсяются примерно путем умножения весютсяются примерно путемютсяутсяутсяутсяутсяутсяутсяютсяутсяутсяутсяютсяутсяютсяутсяютсяутсяутсяютсяутсяютсяутсяютсяутсяютсяутсяютсяутсяютсяутсяютсяутсяютсяутсяютсяутсяютсяутсяютсяутсяютсяутсяютсяутсяютсяутсяютсяутсяютсяутсяютсяутсяютсяутсяютсяутсяютсяутсяютсяутсяютсяутсяютсяутсяютсяутсяютсяутсяютсяутсяютсяутсяютсяутсяютсяутсяютсяутсяютсяутсяютсяутсяютсяутсяютсяутсяютсяутсяютсяутсяютсяутсяютсяутсяютсяутсяютсяутсяютсяутсяютсяутсяютсяутсяютсяутсяютсяутсяютсяутсяютсяутсяютсяутсяютсяутсяютсяутсяютсяутсяютсяутсяютсяутсяютсяутсяютсяутсяютсяутсяютсяутсяютсяутсяютсяутсяютсяутсяютсяутсяютсяутсяютсяутсяютсяутсяютсяутсяютсяутсяютсяутсяютсяутсяютсяутсяютсяутсяютсяутсяютсяутсяютсяутсяютсяутсяютсяутсяютсяутсяютсяутсяютсяутсяютсяутсяютсяутсяютсяутсяютсяутсяютсяутся", "numeric_answer": null, "relative_error": null, "thinking_text": null, "has_tool_call": false, "tool_call": null, "usage": {"prompt_tokens": 102, "completion_tokens": 256, "total_tokens": 358, "token_count_source": "tokenizer"}, "decoding": {"temperature": 0.2, "top_p": null, "top_k": null, "max_tokens": 256, "seed": 42}, "prompt_tokens": 102, "completion_tokens": 256, "total_tokens": 358, "token_count_source": "tokenizer", "diffusion_steps": null, "flops_estimate": null, "flops_arch": null, "flops_model_params": null, "flops_active_params": null, "tokens_non_final": 35, "tokens_reasoning": 0, "tokens_response": 35, "elapsed_seconds": 18.445600986480713, "judgement": "Uncategorized"}
{"id": "units_000947", "topic": "units", "subtopic": "lb_oz", "prompt": "You buy 1.79 lb at $7.65 per lb. About how much is that total?", "exact_value": 13.69, "model": "tiiuae/Falcon-H1-7B-Instruct", "provider": "transformers", "response": "Finalютсяываютсяываютсяываютсяываютсяываютсяываютсяываютсяываютсяываютсяываютсяываютсяываютсяываютсяываютсяываютсяываютсяываютсяютсяываютсяываютсяываютсяываютсяываютсяываютсяютсяываютсяываютсяываютсяываютсяываютсяываютсяываютсяютсяываютсяываютсяываютсяываютсяываютсяываютсяываютсяываютсяываютсяываютсяютсяываютсяютсяываютсяываютсяываютсяываютсяываютсяываютсяываютсяываютсяываютсяываютсяываютсяютсяываютсяютсяываютсяываютсяываютсяываютсяываютсяываютсяываютсяываютсяываютсяываютсяываютсяываютсяываютсяываютсяываютсяютсяываютсяютсяываютсяываютсяываютсяываютсяываютсяываютсяютсяываютсяютсяываютсяываютсяютсяываютсяютсяываютсяываютсяютсяываютсяютсяываютсяютсяываютсяютсяываютсяютсяываютсяютсяываютсяютсяываютсяютсяываютсяютсяываютсяютсяываютсяютсяываютсяютсяываютсяютсяываютсяютсяываютсяютсяываютсяютсяываютсяютсяываютсяютсяываютсяютсяываютсяютсяываютсяютсяываютсяютсяываютсяютсяываютсяютсяываютсяютсяываютсяютсяываютсяютсяываютсяютсяываютсяютсяываютсяютсяываютсяютсяываютсяютсяываютсяютсяываютсяютсяываютсяютсяываютсяютсяываютсяютсяываютсяютсяываютсяютсяываютсяютсяываютсяютсяываютсяютсяываютсяютсяываютсяютсяываютсяютсяываютсяютсяываютсяютсяываютсяютсяываютсяютсяываютсяютсяываютсяютсяываютсяютсяываютсяютсяываютсяютсяываютсяютсяываютсяютсяываютсяютсяываютсяютсяываютсяютсяываютсяютсяываютсяютсяываютсяютсяываютсяютсяываютсяютсяываютсяютсяываютсяютсяываютсяютсяываютсяютсяываютсяютсяываютсяютсяываютсяютсяываютсяютсяываютсяютсяываютсяютсяываютсяютсяываютсяютсяываютсяютсяываютсяютсяываютсяютсяываютсяютсяываются", "numeric_answer": null, "relative_error": null, "thinking_text": null, "has_tool_call": false, "tool_call": null, "usage": {"prompt_tokens": 102, "completion_tokens": 256, "total_tokens": 358, "token_count_source": "tokenizer"}, "decoding": {"temperature": 0.2, "top_p": null, "top_k": null, "max_tokens": 256, "seed": 42}, "prompt_tokens": 102, "completion_tokens": 256, "total_tokens": 358, "token_count_source": "tokenizer", "diffusion_steps": null, "flops_estimate": null, "flops_arch": null, "flops_model_params": null, "flops_active_params": null, "tokens_non_final": 1, "tokens_reasoning": 0, "tokens_response": 1, "elapsed_seconds": 18.733402013778687, "judgement": "Uncategorized"}
{"id": "units_000967", "topic": "units", "subtopic": "lb_oz", "prompt": "You buy 2.01 lb at $13.92 per lb. About how much is that total?", "exact_value": 27.98, "model": "tiiuae/Falcon-H1-7B-Instruct", "provider": "transformers", "response": "Finalются примерно путем умножения веса на цену за фунтются примерно путем умножения весутсяются примерно путем умножения весаютсяютсяютсяютсяютсяютсяютсяютсяютсяютсяютсяютсяютсяютсяютсяютсяютсяютсяютсяютсяютсяютсяютсяютсяютсяютсяютсяютсяютсяютсяютсяютсяютсяютсяютсяютсяютсяютсяютсяютсяютсяютсяютсяютсяютсяютсяютсяютсяютсяютсяютсяютсяютсяютсяютсяютсяютсяютсяютсяютсяютсяютсяютсяютсяютсяютсяютсяютсяютсяютсяютсяютсяютсяютсяютсяютсяютсяютсяютсяютсяютсяютсяютсяютсяютсяютсяютсяютсяютсяютсяютсяютсяютсяютсяютсяютсяютсяютсяютсяютсяютсяютсяютсяютсяютсяютсяютсяютсяютсяютсяютсяютсяютсяютсяютсяютсяютсяютсяютсяютсяютсяютсяютсяютсяютсяютсяютсяютсяютсяютсяютсяютсяютсяютсяютсяютсяютсяютсяютсяютсяютсяютсяютсяютсяютсяютсяютсяютсяютсяютсяютсяютсяютсяютсяютсяютсяютсяютсяютсяютсяютсяютсяютсяютсяютсяютсяютсяютсяютсяютсяютсяютсяютсяютсяютсяютсяютсяютсяютсяютсяютсяютсяютсяютсяютсяютсяютсяютсяютсяютсяютсяютсяютсяютсяютсяютсяютсяютсяютсяютсяютсяютсяютсяютсяютсяютсяютсяютсяютсяютсяютсяютсяютсяютсяютсяютсяютсяютсяютсяютсяютсяются", "numeric_answer": null, "relative_error": null, "thinking_text": null, "has_tool_call": false, "tool_call": null, "usage": {"prompt_tokens": 103, "completion_tokens": 256, "total_tokens": 359, "token_count_source": "tokenizer"}, "decoding": {"temperature": 0.2, "top_p": null, "top_k": null, "max_tokens": 256, "seed": 42}, "prompt_tokens": 103, "completion_tokens": 256, "total_tokens": 359, "token_count_source": "tokenizer", "diffusion_steps": null, "flops_estimate": null, "flops_arch": null, "flops_model_params": null, "flops_active_params": null, "tokens_non_final": 17, "tokens_reasoning": 0, "tokens_response": 17, "elapsed_seconds": 18.54768705368042, "judgement": "Uncategorized"}
{"id": "units_000987", "topic": "units", "subtopic": "kg_g", "prompt": "An item costs $17.96 per kg. You take 500 g. About how much is that?", "exact_value": 8.98, "model": "tiiuae/Falcon-H1-7B-Instruct", "provider": "transformers", "response": "Finalютсяываютсяываютсяываютсяываютсяываютсяываютсяываютсяываютсяываютсяываютсяываютсяываютсяываютсяываютсяываютсяываютсяываютсяютсяываютсяываютсяываютсяываютсяываютсяываютсяываютсяываютсяываютсяываютсяываютсяываютсяываютсяываютсяываютсяываютсяываютсяываютсяютсяываютсяываютсяываютсяываютсяываютсяываютсяютсяываютсяываютсяываютсяываютсяываютсяываютсяываютсяываютсяываютсяываютсяываютсяываютсяываютсяываютсяываютсяываютсяываютсяываютсяываютсяываютсяываютсяываютсяютсяываютсяываютсяютсяываютсяываютсяываютсяываютсяываютсяываютсяываютсяываютсяываютсяываютсяываютсяываютсяываютсяываютсяываютсяываютсяютсяываютсяываютсяютсяываютсяываютсяываютсяываютсяываютсяываютсяываютсяываютсяываютсяываютсяываютсяываютсяываютсяываютсяываютсяываютсяываютсяываютсяютсяываютсяютсяываютсяываютсяываютсяютсяываютсяываютсяютсяываютсяываютсяютсяываютсяываютсяываютсяютсяываютсяываютсяютсяываютсяываютсяютсяываютсяываютсяываютсяютсяываютсяываютсяютсяываютсяываютсяываютсяютсяываютсяываютсяютсяываютсяываютсяютсяываютсяываютсяываютсяютсяываютсяываютсяютсяываютсяываютсяываютсяютсяываютсяываютсяютсяываютсяываютсяываютсяютсяываютсяываютсяютсяываютсяываютсяываютсяютсяываютсяываютсяютсяываютсяываютсяываютсяютсяываютсяываютсяютсяываютсяываютсяываютсяютсяываютсяываютсяютсяываютсяываютсяываютсяютсяываютсяываютсяютсяываютсяываютсяываютсяютсяываютсяываютсяютсяываютсяываютсяываютсяютсяываютсяываютсяютсяываютсяываютсяываютсяютсяываютсяываютсяютсяываютсяываютсяываютсяютсяываютсяываютсяютсяываютсяываютсяываютсяютсяываютсяываютсяютсяываютсяываютсяываютсяютсяываютсяываютсяютсяываютсяываютсяываютсяютсяываютсяываютсяютсяываютсяываютсяываютсяютсяываютсяываютсяютсяываются", "numeric_answer": null, "relative_error": null, "thinking_text": null, "has_tool_call": false, "tool_call": null, "usage": {"prompt_tokens": 104, "completion_tokens": 256, "total_tokens": 360, "token_count_source": "tokenizer"}, "decoding": {"temperature": 0.2, "top_p": null, "top_k": null, "max_tokens": 256, "seed": 42}, "prompt_tokens": 104, "completion_tokens": 256, "total_tokens": 360, "token_count_source": "tokenizer", "diffusion_steps": null, "flops_estimate": null, "flops_arch": null, "flops_model_params": null, "flops_active_params": null, "tokens_non_final": 1, "tokens_reasoning": 0, "tokens_response": 1, "elapsed_seconds": 18.390904664993286, "judgement": "Uncategorized"}
{"id": "units_001007", "topic": "units", "subtopic": "lb_oz", "prompt": "You buy 3.75 lb at $12.94 per lb. About how much is that total?", "exact_value": 48.53, "model": "tiiuae/Falcon-H1-7B-Instruct", "provider": "transformers", "response": "Finalютсяwicklungwicklungwicklungwicklungwicklungwicklungwicklungwicklungwicklungwicklungwicklungwicklungwicklungwicklungwicklungwicklungwicklungwicklungwicklungwicklungwicklungwicklungwicklungwicklungwicklungwicklungwicklungwicklungwicklungwicklungwicklungwicklungwicklungwicklungwicklungwicklungwicklungwicklungwicklungwicklungwicklungwicklungwicklungwicklungwicklungwicklungwicklungwicklungwicklungwicklungwicklungwicklungwicklungwicklungwicklungwicklungwicklungwicklungwicklungwicklungwicklungwicklungwicklungwicklungwicklungwicklungwicklungwicklungwicklungwicklungwicklungwicklungwicklungwicklungwicklungwicklungwicklungwicklungwicklungwicklungwicklungwicklungwicklungwicklungwicklungwicklungwicklungwicklungwicklungwicklungwicklungwicklungwicklungwicklungwicklungwicklungwicklungwicklungwicklungwicklungwicklungwicklungwicklungwicklungwicklungwicklungwicklungwicklungwicklungwicklungwicklungwicklungwicklungwicklungwicklungwicklungwicklungwicklungwicklungwicklungwicklungwicklungwicklungwicklungwicklungwicklungwicklungwicklungwicklungwicklungwicklungwicklungwicklungwicklungwicklungwicklungwicklungwicklungwicklungwicklungwicklungwicklungwicklungwicklungwicklungwicklungwicklungwicklungwicklungwicklungwicklungwicklungwicklungwicklungwicklungwicklungwicklungwicklungwicklungwicklungwicklungwicklungwicklungwicklungwicklungwicklungwicklungwicklungwicklungwicklungwicklungwicklungwicklungwicklungwicklungwicklungwicklungwicklungwicklungwicklungwicklungwicklungwicklungwicklungwicklungwicklungwicklungwicklungwicklungwicklungwicklungwicklungwicklungwicklungwicklungwicklungwicklungwicklungwicklungwicklungwicklungwicklungwicklungwicklungwicklungwicklungwicklungwicklungwicklungwicklungwicklungwicklungwicklungwicklungwicklungwicklungwicklungwicklungwicklungwicklungwicklungwicklungwicklungwicklungwicklungwicklungwicklungwicklungwicklungwicklungwicklungwicklungwicklungwicklungwicklungwicklungwicklungwicklungwicklungwicklungwicklungwicklungwicklungwicklungwicklungwicklungwicklungwicklungwicklungwicklungwicklungwicklungwicklungwicklung", "numeric_answer": null, "relative_error": null, "thinking_text": null, "has_tool_call": false, "tool_call": null, "usage": {"prompt_tokens": 103, "completion_tokens": 256, "total_tokens": 359, "token_count_source": "tokenizer"}, "decoding": {"temperature": 0.2, "top_p": null, "top_k": null, "max_tokens": 256, "seed": 42}, "prompt_tokens": 103, "completion_tokens": 256, "total_tokens": 359, "token_count_source": "tokenizer", "diffusion_steps": null, "flops_estimate": null, "flops_arch": null, "flops_model_params": null, "flops_active_params": null, "tokens_non_final": 1, "tokens_reasoning": 0, "tokens_response": 1, "elapsed_seconds": 18.330886125564575, "judgement": "Uncategorized"}
{"id": "units_001027", "topic": "units", "subtopic": "kg_g", "prompt": "An item costs $17.61 per kg. You take 900 g. About how much is that?", "exact_value": 15.85, "model": "tiiuae/Falcon-H1-7B-Instruct", "provider": "transformers", "response": "Finalютсяываютсяываютсяываютсяываютсяываютсяываютсяываютсяываютсяываютсяываютсяываютсяываютсяываютсяываютсяываютсяываютсяываютсяютсяываютсяываютсяываютсяываютсяываютсяютсяываютсяываютсяываютсяываютсяываютсяываютсяютсяываютсяываютсяываютсяываютсяываютсяываютсяютсяываютсяываютсяываютсяываютсяываютсяываютсяютсяываютсяютсяываютсяютсяываютсяютсяываютсяютсяываютсяютсяываютсяываютсяютсяываютсяываютсяываютсяываютсяываютсяываютсяютсяываютсяютсяываютсяютсяываютсяютсяываютсяютсяываютсяютсяываютсяютсяываютсяютсяываютсяютсяываютсяютсяываютсяютсяываютсяютсяываютсяютсяываютсяютсяываютсяютсяываютсяютсяываютсяютсяываютсяютсяываютсяютсяываютсяютсяываютсяютсяываютсяютсяываютсяютсяываютсяютсяываютсяютсяываютсяютсяываютсяютсяываютсяютсяываютсяютсяываютсяютсяываютсяютсяываютсяютсяываютсяютсяываютсяютсяываютсяютсяываютсяютсяываютсяютсяываютсяютсяываютсяютсяываютсяютсяываютсяютсяываютсяютсяываютсяютсяываютсяютсяываютсяютсяываютсяютсяываютсяютсяываютсяютсяываютсяютсяываютсяютсяываютсяютсяываютсяютсяываютсяютсяываютсяютсяываютсяютсяываютсяютсяываютсяютсяываютсяютсяываютсяютсяываютсяютсяываютсяютсяываютсяютсяываютсяютсяываютсяютсяываютсяютсяываютсяютсяываютсяютсяываютсяютсяываютсяютсяываютсяютсяываютсяютсяываютсяютсяываютсяютсяываютсяютсяываютсяютсяываютсяютсяываютсяютсяываютсяютсяываютсяютсяываютсяютсяываютсяютсяываютсяютсяываютсяютсяываютсяютсяываютсяютсяываютсяютсяываютсяютсяываютсяютсяываютсяютсяываютсяютсяываютсяютсяываютсяютсяываютсяютсяываютсяютсяываютсяютсяываются", "numeric_answer": null, "relative_error": null, "thinking_text": null, "has_tool_call": false, "tool_call": null, "usage": {"prompt_tokens": 104, "completion_tokens": 256, "total_tokens": 360, "token_count_source": "tokenizer"}, "decoding": {"temperature": 0.2, "top_p": null, "top_k": null, "max_tokens": 256, "seed": 42}, "prompt_tokens": 104, "completion_tokens": 256, "total_tokens": 360, "token_count_source": "tokenizer", "diffusion_steps": null, "flops_estimate": null, "flops_arch": null, "flops_model_params": null, "flops_active_params": null, "tokens_non_final": 1, "tokens_reasoning": 0, "tokens_response": 1, "elapsed_seconds": 18.352927684783936, "judgement": "Uncategorized"}
{"id": "units_001047", "topic": "units", "subtopic": "kg_g", "prompt": "An item costs $4.66 per kg. You take 750 g. About how much is that?", "exact_value": 3.5, "model": "tiiuae/Falcon-H1-7B-Instruct", "provider": "transformers", "response": "Finalютсяwicklungwicklungwicklungwicklungwicklungwicklungwicklungwicklungwicklungwicklungwicklungwicklungwicklungwicklungwicklungwicklungwicklungwicklungwicklungwicklungwicklungwicklungwicklungwicklungwicklungwicklungwicklungwicklungwicklungwicklungwicklungwicklungwicklungwicklungwicklungwicklungwicklungwicklungwicklungwicklungwicklungwicklungwicklungwicklungwicklungwicklungwicklungwicklungwicklungwicklungwicklungwicklungwicklungwicklungwicklungwicklungwicklungwicklungwicklungwicklungwicklungwicklungwicklungwicklungwicklungwicklungwicklungwicklungwicklungwicklungwicklungwicklungwicklungwicklungwicklungwicklungwicklungwicklungwicklungwicklungwicklungwicklungwicklungwicklungwicklungwicklungwicklungwicklungwicklungwicklungwicklungwicklungwicklungwicklungwicklungwicklungwicklungwicklungwicklungwicklungwicklungwicklungwicklungwicklungwicklungwicklungwicklungwicklungwicklungwicklungwicklungwicklungwicklungwicklungwicklungwicklungwicklungwicklungwicklungwicklungwicklungwicklungwicklungwicklungwicklungwicklungwicklungwicklungwicklungwicklungwicklungwicklungwicklungwicklungwicklungwicklungwicklungwicklungwicklungwicklungwicklungwicklungwicklungwicklungwicklungwicklungwicklungwicklungwicklungwicklungwicklungwicklungwicklungwicklungwicklungwicklungwicklungwicklungwicklungwicklungwicklungwicklungwicklungwicklungwicklungwicklungwicklungwicklungwicklungwicklungwicklungwicklungwicklungwicklungwicklungwicklungwicklungwicklungwicklungwicklungwicklungwicklungwicklungwicklungwicklungwicklungwicklungwicklungwicklungwicklungwicklungwicklungwicklungwicklungwicklungwicklungwicklungwicklungwicklungwicklungwicklungwicklungwicklungwicklungwicklungwicklungwicklungwicklungwicklungwicklungwicklungwicklungwicklungwicklungwicklungwicklungwicklungwicklungwicklungwicklungwicklungwicklungwicklungwicklungwicklungwicklungwicklungwicklungwicklungwicklungwicklungwicklungwicklungwicklungwicklungwicklungwicklungwicklungwicklungwicklungwicklungwicklungwicklungwicklungwicklungwicklungwicklungwicklungwicklungwicklungwicklungwicklungwicklungwicklung", "numeric_answer": null, "relative_error": null, "thinking_text": null, "has_tool_call": false, "tool_call": null, "usage": {"prompt_tokens": 103, "completion_tokens": 256, "total_tokens": 359, "token_count_source": "tokenizer"}, "decoding": {"temperature": 0.2, "top_p": null, "top_k": null, "max_tokens": 256, "seed": 42}, "prompt_tokens": 103, "completion_tokens": 256, "total_tokens": 359, "token_count_source": "tokenizer", "diffusion_steps": null, "flops_estimate": null, "flops_arch": null, "flops_model_params": null, "flops_active_params": null, "tokens_non_final": 1, "tokens_reasoning": 0, "tokens_response": 1, "elapsed_seconds": 18.389102935791016, "judgement": "Uncategorized"}
{"id": "units_001067", "topic": "units", "subtopic": "lb_oz", "prompt": "You buy 5.21 lb at $3.37 per lb. About how much is that total?", "exact_value": 17.56, "model": "tiiuae/Falcon-H1-7B-Instruct", "provider": "transformers", "response": "Finalютсяываютсяываютсяываютсяываютсяываютсяываютсяываютсяываютсяываютсяываютсяываютсяываютсяываютсяываютсяываютсяываютсяываютсяютсяываютсяываютсяываютсяываютсяываютсяютсяываютсяываютсяываютсяываютсяываютсяываютсяютсяываютсяываютсяываютсяываютсяываютсяываютсяютсяываютсяываютсяютсяываютсяютсяываютсяываютсяываютсяываютсяываютсяываютсяютсяываютсяываютсяываютсяютсяываютсяютсяываютсяываютсяываютсяываютсяываютсяываютсяютсяываютсяываютсяываютсяываютсяываютсяываютсяютсяываютсяываютсяываютсяываютсяываютсяываютсяютсяываютсяываютсяываютсяываютсяываютсяываютсяютсяываютсяываютсяываютсяываютсяываютсяываютсяютсяываютсяываютсяываютсяываютсяываютсяываютсяютсяываютсяываютсяываютсяываютсяываютсяываютсяютсяываютсяываютсяываютсяываютсяываютсяываютсяютсяываютсяываютсяываютсяываютсяываютсяываютсяютсяываютсяываютсяываютсяываютсяываютсяываютсяютсяываютсяываютсяываютсяываютсяываютсяываютсяютсяываютсяываютсяываютсяываютсяываютсяываютсяютсяываютсяываютсяываютсяываютсяываютсяываютсяютсяываютсяываютсяываютсяываютсяываютсяываютсяютсяываютсяываютсяываютсяываютсяываютсяываютсяютсяываютсяываютсяываютсяываютсяываютсяываютсяютсяываютсяываютсяываютсяываютсяываютсяываютсяютсяываютсяываютсяываютсяываютсяываютсяываютсяютсяываютсяываютсяываютсяываютсяываютсяываютсяютсяываютсяываютсяываютсяываютсяываютсяываютсяютсяываютсяываютсяываютсяываютсяываютсяываютсяютсяываютсяываютсяываютсяываютсяываютсяываютсяютсяываютсяываютсяываютсяываютсяываютсяываютсяютсяываютсяываютсяываютсяываютсяываютсяываютсяютсяываютсяываютсяываютсяываютсяываютсяываютсяютсяываютсяываютсяываютсяываютсяываютсяываютсяютсяываютсяываютсяываютсяываютсяываютсяываютсяютсяываютсяываютсяываютсяываютсяываютсяываютсяютсяываютсяываются", "numeric_answer": null, "relative_error": null, "thinking_text": null, "has_tool_call": false, "tool_call": null, "usage": {"prompt_tokens": 102, "completion_tokens": 256, "total_tokens": 358, "token_count_source": "tokenizer"}, "decoding": {"temperature": 0.2, "top_p": null, "top_k": null, "max_tokens": 256, "seed": 42}, "prompt_tokens": 102, "completion_tokens": 256, "total_tokens": 358, "token_count_source": "tokenizer", "diffusion_steps": null, "flops_estimate": null, "flops_arch": null, "flops_model_params": null, "flops_active_params": null, "tokens_non_final": 1, "tokens_reasoning": 0, "tokens_response": 1, "elapsed_seconds": 18.789490461349487, "judgement": "Uncategorized"}
{"id": "units_001087", "topic": "units", "subtopic": "kg_g", "prompt": "An item costs $7.42 per kg. You take 400 g. About how much is that?", "exact_value": 2.97, "model": "tiiuae/Falcon-H1-7B-Instruct", "provider": "transformers", "response": "Finalютсяываютсяываютсяываютсяываютсяываютсяываютсяываютсяываютсяываютсяываютсяываютсяываютсяываютсяываютсяываютсяываютсяываютсяываютсяываютсяываютсяываютсяываютсяываютсяываютсяываютсяываютсяываютсяываютсяываютсяываютсяываютсяываютсяываютсяываютсяютсяываютсяываютсяываютсяываютсяываютсяываютсяываютсяываютсяываютсяываютсяываютсяываютсяываютсяываютсяываютсяываютсяываютсяываютсяываютсяываютсяютсяываютсяываютсяываютсяываютсяываютсяываютсяываютсяываютсяываютсяываютсяютсяываютсяываютсяываютсяываютсяываютсяютсяываютсяываютсяываютсяываютсяываютсяываютсяютсяываютсяываютсяываютсяываютсяываютсяываютсяютсяываютсяываютсяываютсяываютсяываютсяываютсяываютсяываютсяываютсяываютсяываютсяываютсяываютсяываютсяываютсяываютсяываютсяываютсяываютсяываютсяываютсяываютсяываютсяываютсяываютсяываютсяываютсяываютсяываютсяываютсяываютсяываютсяываютсяываютсяываютсяываютсяываютсяываютсяываютсяываютсяываютсяютсяываютсяываютсяываютсяываютсяываютсяываютсяываютсяываютсяываютсяываютсяываютсяываютсяываютсяываютсяываютсяываютсяываютсяываютсяютсяываютсяываютсяываютсяываютсяываютсяываютсяываютсяываютсяываютсяываютсяываютсяываютсяываютсяываютсяываютсяываютсяываютсяываютсяываютсяываютсяываютсяываютсяываютсяываютсяываютсяываютсяываютсяываютсяываютсяываютсяываютсяываютсяываютсяываютсяываютсяываютсяываютсяываютсяываютсяываютсяываютсяываютсяываютсяываютсяываютсяываютсяываютсяываютсяываютсяываютсяываютсяываютсяываютсяываютсяываютсяываютсяываютсяываютсяываютсяываютсяываютсяываютсяываютсяываютсяываютсяываютсяываютсяываютсяываютсяываютсяываютсяываютсяываютсяываютсяываютсяываютсяываютсяываютсяываютсяываютсяываютсяываютсяываютсяываютсяываютсяываютсяываютсяываютсяываютсяываютсяываютсяываютсяываютсяываютсяываютсяываютсяываютсяываютсяываютсяываютсяываютсяываютсяываютсяываютсяываютсяываются", "numeric_answer": null, "relative_error": null, "thinking_text": null, "has_tool_call": false, "tool_call": null, "usage": {"prompt_tokens": 103, "completion_tokens": 256, "total_tokens": 359, "token_count_source": "tokenizer"}, "decoding": {"temperature": 0.2, "top_p": null, "top_k": null, "max_tokens": 256, "seed": 42}, "prompt_tokens": 103, "completion_tokens": 256, "total_tokens": 359, "token_count_source": "tokenizer", "diffusion_steps": null, "flops_estimate": null, "flops_arch": null, "flops_model_params": null, "flops_active_params": null, "tokens_non_final": 1, "tokens_reasoning": 0, "tokens_response": 1, "elapsed_seconds": 18.645827054977417, "judgement": "Uncategorized"}
{"id": "units_001107", "topic": "units", "subtopic": "kg_g", "prompt": "An item costs $19.86 per kg. You take 400 g. About how much is that?", "exact_value": 7.94, "model": "tiiuae/Falcon-H1-7B-Instruct", "provider": "transformers", "response": "Finalютсяываютсяываютсяываютсяываютсяываютсяываютсяываютсяываютсяываютсяываютсяываютсяываютсяываютсяываютсяываютсяываютсяываютсяютсяываютсяываютсяываютсяываютсяываютсяютсяываютсяываютсяываютсяываютсяываютсяываютсяютсяываютсяываютсяываютсяываютсяываютсяываютсяютсяываютсяютсяываютсяываютсяываютсяываютсяываютсяываютсяютсяываютсяютсяываютсяываютсяываютсяываютсяываютсяываютсяютсяываютсяываютсяываютсяываютсяываютсяываютсяютсяываютсяютсяываютсяютсяываютсяютсяываютсяютсяываютсяютсяываютсяютсяываютсяютсяываютсяютсяываютсяютсяываютсяютсяываютсяютсяываютсяютсяываютсяютсяываютсяютсяываютсяютсяываютсяютсяываютсяютсяываютсяютсяываютсяютсяываютсяютсяываютсяютсяываютсяютсяываютсяютсяываютсяютсяываютсяютсяываютсяютсяываютсяютсяываютсяютсяываютсяютсяываютсяютсяываютсяютсяываютсяютсяываютсяютсяываютсяютсяываютсяютсяываютсяютсяываютсяютсяываютсяютсяываютсяютсяываютсяютсяываютсяютсяываютсяютсяываютсяютсяываютсяютсяываютсяютсяываютсяютсяываютсяютсяываютсяютсяываютсяютсяываютсяютсяываютсяютсяываютсяютсяываютсяютсяываютсяютсяываютсяютсяываютсяютсяываютсяютсяываютсяютсяываютсяютсяываютсяютсяываютсяютсяываютсяютсяываютсяютсяываютсяютсяываютсяютсяываютсяютсяываютсяютсяываютсяютсяываютсяютсяываютсяютсяываютсяютсяываютсяютсяываютсяютсяываютсяютсяываютсяютсяываютсяютсяываютсяютсяываютсяютсяываютсяютсяываютсяютсяываютсяютсяываютсяютсяываютсяютсяываютсяютсяываютсяютсяываютсяютсяываютсяютсяываютсяютсяываютсяютсяываютсяютсяываютсяютсяываютсяютсяываютсяютсяываютсяютсяываютсяютсяываются", "numeric_answer": null, "relative_error": null, "thinking_text": null, "has_tool_call": false, "tool_call": null, "usage": {"prompt_tokens": 104, "completion_tokens": 256, "total_tokens": 360, "token_count_source": "tokenizer"}, "decoding": {"temperature": 0.2, "top_p": null, "top_k": null, "max_tokens": 256, "seed": 42}, "prompt_tokens": 104, "completion_tokens": 256, "total_tokens": 360, "token_count_source": "tokenizer", "diffusion_steps": null, "flops_estimate": null, "flops_arch": null, "flops_model_params": null, "flops_active_params": null, "tokens_non_final": 1, "tokens_reasoning": 0, "tokens_response": 1, "elapsed_seconds": 18.41111969947815, "judgement": "Uncategorized"}
{"id": "units_001127", "topic": "units", "subtopic": "kg_g", "prompt": "An item costs $5.63 per kg. You take 400 g. About how much is that?", "exact_value": 2.25, "model": "tiiuae/Falcon-H1-7B-Instruct", "provider": "transformers", "response": "Finalютсяываютсяываютсяываютсяываютсяываютсяываютсяываютсяываютсяываютсяываютсяываютсяываютсяываютсяываютсяываютсяываютсяываютсяютсяываютсяываютсяываютсяываютсяываютсяываютсяываютсяываютсяываютсяываютсяываютсяываютсяываютсяютсяываютсяываютсяываютсяываютсяываютсяываютсяютсяываютсяываютсяываютсяываютсяываютсяываютсяютсяываютсяываютсяываютсяываютсяываютсяываютсяютсяываютсяываютсяываютсяываютсяываютсяываютсяютсяываютсяываютсяываютсяываютсяываютсяываютсяютсяываютсяываютсяываютсяываютсяываютсяываютсяютсяываютсяываютсяываютсяываютсяываютсяываютсяютсяываютсяываютсяываютсяываютсяываютсяываютсяютсяываютсяываютсяываютсяываютсяываютсяываютсяютсяываютсяываютсяываютсяываютсяываютсяываютсяютсяываютсяываютсяываютсяываютсяываютсяываютсяютсяываютсяываютсяываютсяываютсяываютсяываютсяютсяываютсяываютсяываютсяываютсяываютсяываютсяютсяываютсяываютсяываютсяываютсяываютсяываютсяютсяываютсяываютсяываютсяываютсяываютсяываютсяютсяываютсяываютсяываютсяываютсяываютсяываютсяютсяываютсяываютсяываютсяываютсяываютсяываютсяютсяываютсяываютсяываютсяываютсяываютсяываютсяютсяываютсяываютсяываютсяываютсяываютсяываютсяютсяываютсяываютсяываютсяываютсяываютсяываютсяютсяываютсяываютсяываютсяываютсяываютсяываютсяютсяываютсяываютсяываютсяываютсяываютсяываютсяютсяываютсяываютсяываютсяываютсяываютсяываютсяютсяываютсяываютсяываютсяываютсяываютсяываютсяютсяываютсяываютсяываютсяываютсяываютсяываютсяютсяываютсяываютсяываютсяываютсяываютсяываютсяютсяываютсяываютсяываютсяываютсяываютсяываютсяютсяываютсяываютсяываютсяываютсяываютсяываютсяютсяываютсяываютсяываютсяютсяываютсяютсяываютсяываютсяываютсяываютсяываютсяываютсяютсяываютсяываютсяываютсяываютсяываютсяываютсяютсяываютсяютсяываютсяютсяываютсяются", "numeric_answer": null, "relative_error": null, "thinking_text": null, "has_tool_call": false, "tool_call": null, "usage": {"prompt_tokens": 103, "completion_tokens": 256, "total_tokens": 359, "token_count_source": "tokenizer"}, "decoding": {"temperature": 0.2, "top_p": null, "top_k": null, "max_tokens": 256, "seed": 42}, "prompt_tokens": 103, "completion_tokens": 256, "total_tokens": 359, "token_count_source": "tokenizer", "diffusion_steps": null, "flops_estimate": null, "flops_arch": null, "flops_model_params": null, "flops_active_params": null, "tokens_non_final": 1, "tokens_reasoning": 0, "tokens_response": 1, "elapsed_seconds": 18.557040214538574, "judgement": "Uncategorized"}
{"id": "units_001147", "topic": "units", "subtopic": "lb_oz", "prompt": "You buy 0.86 lb at $7.70 per lb. About how much is that total?", "exact_value": 6.62, "model": "tiiuae/Falcon-H1-7B-Instruct", "provider": "transformers", "response": "Finalютсяываютсяываютсяываютсяываютсяываютсяываютсяываютсяываютсяываютсяываютсяываютсяываютсяываютсяываютсяываютсяываютсяываютсяютсяываютсяываютсяываютсяываютсяываютсяютсяываютсяываютсяываютсяываютсяываютсяываютсяютсяываютсяываютсяываютсяываютсяываютсяываютсяютсяываютсяываютсяываютсяываютсяываютсяываютсяютсяываютсяютсяываютсяываютсяываютсяываютсяываютсяываютсяютсяываютсяываютсяютсяываютсяываютсяываютсяютсяываютсяываютсяываютсяываютсяываютсяываютсяютсяываютсяываютсяываютсяываютсяываютсяываютсяютсяываютсяываютсяываютсяываютсяываютсяываютсяютсяываютсяываютсяываютсяываютсяываютсяываютсяютсяываютсяываютсяываютсяываютсяываютсяываютсяютсяываютсяютсяываютсяываютсяываютсяываютсяываютсяываютсяютсяываютсяываютсяываютсяываютсяываютсяываютсяютсяываютсяываютсяываютсяываютсяываютсяываютсяютсяываютсяываютсяываютсяываютсяываютсяываютсяютсяываютсяываютсяываютсяываютсяываютсяываютсяютсяываютсяываютсяываютсяываютсяываютсяываютсяютсяываютсяютсяываютсяываютсяываютсяываютсяываютсяываютсяютсяываютсяываютсяываютсяываютсяываютсяываютсяютсяываютсяываютсяываютсяываютсяываютсяываютсяютсяываютсяютсяываютсяываютсяываютсяываютсяываютсяываютсяютсяываютсяываютсяываютсяываютсяываютсяываютсяютсяываютсяываютсяываютсяываютсяываютсяываютсяютсяываютсяютсяываютсяываютсяываютсяываютсяываютсяываютсяютсяываютсяютсяываютсяываютсяываютсяываютсяываютсяываютсяютсяываютсяываютсяываютсяываютсяываютсяываютсяютсяываютсяютсяываютсяываютсяываютсяютсяываютсяываютсяываютсяываютсяываютсяываютсяютсяываютсяютсяываютсяываютсяываютсяываютсяываютсяываютсяютсяываютсяютсяываютсяываютсяываютсяываютсяываютсяываютсяютсяываютсяютсяываютсяываютсяываютсяываютсяываютсяываютсяютсяываютсяютсяываются", "numeric_answer": null, "relative_error": null, "thinking_text": null, "has_tool_call": false, "tool_call": null, "usage": {"prompt_tokens": 102, "completion_tokens": 256, "total_tokens": 358, "token_count_source": "tokenizer"}, "decoding": {"temperature": 0.2, "top_p": null, "top_k": null, "max_tokens": 256, "seed": 42}, "prompt_tokens": 102, "completion_tokens": 256, "total_tokens": 358, "token_count_source": "tokenizer", "diffusion_steps": null, "flops_estimate": null, "flops_arch": null, "flops_model_params": null, "flops_active_params": null, "tokens_non_final": 1, "tokens_reasoning": 0, "tokens_response": 1, "elapsed_seconds": 18.655519247055054, "judgement": "Uncategorized"}
{"id": "units_001167", "topic": "units", "subtopic": "kg_g", "prompt": "An item costs $5.90 per kg. You take 400 g. About how much is that?", "exact_value": 2.36, "model": "tiiuae/Falcon-H1-7B-Instruct", "provider": "transformers", "response": "Finalютсяываютсяываютсяываютсяываютсяываютсяываютсяываютсяываютсяываютсяываютсяываютсяываютсяываютсяываютсяываютсяываютсяютсяываютсяываютсяываютсяываютсяываютсяютсяываютсяываютсяываютсяываютсяываютсяываютсяютсяываютсяываютсяываютсяываютсяываютсяываютсяютсяываютсяютсяываютсяываютсяываютсяываютсяываютсяываютсяютсяываютсяютсяываютсяютсяываютсяываютсяютсяываютсяютсяываютсяютсяываютсяютсяываютсяютсяываютсяютсяываютсяютсяываютсяютсяываютсяютсяываютсяютсяываютсяютсяываютсяютсяываютсяютсяываютсяютсяываютсяютсяываютсяютсяываютсяютсяываютсяютсяываютсяютсяываютсяютсяываютсяютсяываютсяютсяываютсяютсяываютсяютсяываютсяютсяываютсяютсяываютсяютсяываютсяютсяываютсяютсяываютсяютсяываютсяютсяываютсяютсяываютсяютсяываютсяютсяываютсяютсяываютсяютсяываютсяютсяываютсяютсяываютсяютсяываютсяютсяываютсяютсяываютсяютсяываютсяютсяываютсяютсяываютсяютсяываютсяютсяываютсяютсяываютсяютсяываютсяютсяываютсяютсяываютсяютсяываютсяютсяываютсяютсяываютсяютсяываютсяютсяываютсяютсяываютсяютсяываютсяютсяываютсяютсяываютсяютсяываютсяютсяываютсяютсяываютсяютсяываютсяютсяываютсяютсяываютсяютсяываютсяютсяываютсяютсяываютсяютсяываютсяютсяываютсяютсяываютсяютсяываютсяютсяываютсяютсяываютсяютсяываютсяютсяываютсяютсяываютсяютсяываютсяютсяываютсяютсяываютсяютсяываютсяютсяываютсяютсяываютсяютсяываютсяютсяываютсяютсяываютсяютсяываютсяютсяываютсяютсяываютсяютсяываютсяютсяываютсяютсяываютсяютсяываютсяютсяываютсяютсяываютсяютсяываютсяютсяываютсяютсяываютсяютсяываютсяютсяываютсяютсяываются", "numeric_answer": null, "relative_error": null, "thinking_text": null, "has_tool_call": false, "tool_call": null, "usage": {"prompt_tokens": 103, "completion_tokens": 256, "total_tokens": 359, "token_count_source": "tokenizer"}, "decoding": {"temperature": 0.2, "top_p": null, "top_k": null, "max_tokens": 256, "seed": 42}, "prompt_tokens": 103, "completion_tokens": 256, "total_tokens": 359, "token_count_source": "tokenizer", "diffusion_steps": null, "flops_estimate": null, "flops_arch": null, "flops_model_params": null, "flops_active_params": null, "tokens_non_final": 1, "tokens_reasoning": 0, "tokens_response": 1, "elapsed_seconds": 18.532917976379395, "judgement": "Uncategorized"}
{"id": "units_001187", "topic": "units", "subtopic": "lb_oz", "prompt": "You buy 3.21 lb at $10.48 per lb. About how much is that total?", "exact_value": 33.64, "model": "tiiuae/Falcon-H1-7B-Instruct", "provider": "transformers", "response": "Finalютсяwicklungwicklungwicklungwicklungwicklungwicklungwicklungwicklungwicklungwicklungwicklungwicklungwicklungwicklungwicklungwicklungwicklungwicklungwicklungwicklungwicklungwicklungwicklungwicklungwicklungwicklungwicklungwicklungwicklungwicklungwicklungwicklungwicklungwicklungwicklungwicklungwicklungwicklungwicklungwicklungwicklungwicklungwicklungwicklungwicklungwicklungwicklungwicklungwicklungwicklungwicklungwicklungwicklungwicklungwicklungwicklungwicklungwicklungwicklungwicklungwicklungwicklungwicklungwicklungwicklungwicklungwicklungwicklungwicklungwicklungwicklungwicklungwicklungwicklungwicklungwicklungwicklungwicklungwicklungwicklungwicklungwicklungwicklungwicklungwicklungwicklungwicklungwicklungwicklungwicklungwicklungwicklungwicklungwicklungwicklungwicklungwicklungwicklungwicklungwicklungwicklungwicklungwicklungwicklungwicklungwicklungwicklungwicklungwicklungwicklungwicklungwicklungwicklungwicklungwicklungwicklungwicklungwicklungwicklungwicklungwicklungwicklungwicklungwicklungwicklungwicklungwicklungwicklungwicklungwicklungwicklungwicklungwicklungwicklungwicklungwicklungwicklungwicklungwicklungwicklungwicklungwicklungwicklungwicklungwicklungwicklungwicklungwicklungwicklungwicklungwicklungwicklungwicklungwicklungwicklungwicklungwicklungwicklungwicklungwicklungwicklungwicklungwicklungwicklungwicklungwicklungwicklungwicklungwicklungwicklungwicklungwicklungwicklungwicklungwicklungwicklungwicklungwicklungwicklungwicklungwicklungwicklungwicklungwicklungwicklungwicklungwicklungwicklungwicklungwicklungwicklungwicklungwicklungwicklungwicklungwicklungwicklungwicklungwicklungwicklungwicklungwicklungwicklungwicklungwicklungwicklungwicklungwicklungwicklungwicklungwicklungwicklungwicklungwicklungwicklungwicklungwicklungwicklungwicklungwicklungwicklungwicklungwicklungwicklungwicklungwicklungwicklungwicklungwicklungwicklungwicklungwicklungwicklungwicklungwicklungwicklungwicklungwicklungwicklungwicklungwicklungwicklungwicklungwicklungwicklungwicklungwicklungwicklungwicklungwicklungwicklungwicklungwicklungwicklung", "numeric_answer": null, "relative_error": null, "thinking_text": null, "has_tool_call": false, "tool_call": null, "usage": {"prompt_tokens": 103, "completion_tokens": 256, "total_tokens": 359, "token_count_source": "tokenizer"}, "decoding": {"temperature": 0.2, "top_p": null, "top_k": null, "max_tokens": 256, "seed": 42}, "prompt_tokens": 103, "completion_tokens": 256, "total_tokens": 359, "token_count_source": "tokenizer", "diffusion_steps": null, "flops_estimate": null, "flops_arch": null, "flops_model_params": null, "flops_active_params": null, "tokens_non_final": 1, "tokens_reasoning": 0, "tokens_response": 1, "elapsed_seconds": 18.43605065345764, "judgement": "Uncategorized"}
{"id": "units_001207", "topic": "units", "subtopic": "lb_oz", "prompt": "You buy 1.97 lb at $9.55 per lb. About how much is that total?", "exact_value": 18.81, "model": "tiiuae/Falcon-H1-7B-Instruct", "provider": "transformers", "response": "Finalются примерно путем умножения веса на цену за фунтются примерно путем умножения весутсяются примерно путем умножения веса на цену за фунутся примерно путем умножения весутся примерно путем умножения весутсяются примерно путем умножения весютсяются примерно путем умножения весютсяются примерно путем умножения весютсяются примерно путем умножения весютсяются примерно путем умножения весютсяются примерно путем умножения весютсяются примерно путем умножения весютсяются примерно путем умножения весютсяются примерно путем умножения весютсяются примерно путем умножения весютсяются примерно путем умножения весютсяются примерно путем умножения весютсяются примерно путем умноженияются примерно путем умноженияются примерно путем умноженияются примерно путем умноженияются примерно путем умноженияются примерно путем умноженияются примерно путем умноженияются примерно путем умноженияются примерно путем умноженияются примерно путем умноженияются примерно путем умноженияются примерно путем умноженияются примерно путемются примерно путемются примерно", "numeric_answer": null, "relative_error": null, "thinking_text": null, "has_tool_call": false, "tool_call": null, "usage": {"prompt_tokens": 102, "completion_tokens": 256, "total_tokens": 358, "token_count_source": "tokenizer"}, "decoding": {"temperature": 0.2, "top_p": null, "top_k": null, "max_tokens": 256, "seed": 42}, "prompt_tokens": 102, "completion_tokens": 256, "total_tokens": 358, "token_count_source": "tokenizer", "diffusion_steps": null, "flops_estimate": null, "flops_arch": null, "flops_model_params": null, "flops_active_params": null, "tokens_non_final": 118, "tokens_reasoning": 0, "tokens_response": 118, "elapsed_seconds": 18.544227361679077, "judgement": "Uncategorized"}
{"id": "units_001227", "topic": "units", "subtopic": "lb_oz", "prompt": "You buy 5.24 lb at $7.66 per lb. About how much is that total?", "exact_value": 40.14, "model": "tiiuae/Falcon-H1-7B-Instruct", "provider": "transformers", "response": "Finalютсяываютсяываютсяываютсяываютсяываютсяываютсяываютсяываютсяываютсяываютсяываютсяываютсяываютсяываютсяываютсяываютсяываютсяютсяываютсяываютсяываютсяываютсяываютсяютсяываютсяываютсяываютсяываютсяываютсяываютсяютсяываютсяываютсяываютсяываютсяываютсяываютсяютсяываютсяываютсяываютсяываютсяываютсяываютсяютсяываютсяываютсяываютсяютсяываютсяютсяываютсяываютсяываютсяываютсяываютсяываютсяютсяываютсяываютсяываютсяываютсяываютсяываютсяютсяываютсяываютсяываютсяываютсяываютсяываютсяютсяываютсяываютсяываютсяываютсяываютсяываютсяютсяываютсяываютсяываютсяываютсяываютсяываютсяютсяываютсяываютсяываютсяываютсяываютсяываютсяютсяываютсяываютсяываютсяываютсяываютсяываютсяютсяываютсяываютсяываютсяываютсяываютсяываютсяютсяываютсяываютсяываютсяываютсяываютсяываютсяютсяываютсяываютсяываютсяываютсяываютсяываютсяютсяываютсяываютсяываютсяываютсяываютсяываютсяютсяываютсяываютсяываютсяываютсяываютсяываютсяютсяываютсяываютсяываютсяываютсяываютсяываютсяютсяываютсяываютсяываютсяываютсяываютсяываютсяютсяываютсяываютсяываютсяываютсяываютсяываютсяютсяываютсяываютсяываютсяываютсяываютсяываютсяютсяываютсяываютсяываютсяываютсяываютсяываютсяютсяываютсяываютсяываютсяываютсяываютсяываютсяютсяываютсяываютсяываютсяываютсяываютсяываютсяютсяываютсяываютсяываютсяываютсяываютсяываютсяютсяываютсяываютсяываютсяываютсяываютсяываютсяютсяываютсяываютсяываютсяываютсяываютсяываютсяютсяываютсяываютсяываютсяываютсяываютсяываютсяютсяываютсяываютсяываютсяываютсяываютсяываютсяютсяываютсяываютсяываютсяываютсяываютсяываютсяютсяываютсяываютсяываютсяываютсяываютсяываютсяютсяываютсяываютсяываютсяываютсяываютсяываютсяютсяываютсяываютсяываютсяываютсяываютсяываютсяютсяываютсяываютсяываютсяываютсяываютсяываютсяются", "numeric_answer": null, "relative_error": null, "thinking_text": null, "has_tool_call": false, "tool_call": null, "usage": {"prompt_tokens": 102, "completion_tokens": 256, "total_tokens": 358, "token_count_source": "tokenizer"}, "decoding": {"temperature": 0.2, "top_p": null, "top_k": null, "max_tokens": 256, "seed": 42}, "prompt_tokens": 102, "completion_tokens": 256, "total_tokens": 358, "token_count_source": "tokenizer", "diffusion_steps": null, "flops_estimate": null, "flops_arch": null, "flops_model_params": null, "flops_active_params": null, "tokens_non_final": 1, "tokens_reasoning": 0, "tokens_response": 1, "elapsed_seconds": 18.66547656059265, "judgement": "Uncategorized"}
{"id": "units_001247", "topic": "units", "subtopic": "kg_g", "prompt": "An item costs $5.89 per kg. You take 750 g. About how much is that?", "exact_value": 4.42, "model": "tiiuae/Falcon-H1-7B-Instruct", "provider": "transformers", "response": "Finalютсяываютсяываютсяываютсяываютсяываютсяываютсяываютсяываютсяываютсяываютсяываютсяываютсяываютсяываютсяываютсяываютсяываютсяютсяываютсяываютсяываютсяываютсяываютсяютсяываютсяываютсяываютсяываютсяываютсяываютсяютсяываютсяываютсяываютсяываютсяываютсяываютсяютсяываютсяываютсяютсяываютсяютсяываютсяютсяываютсяютсяываютсяютсяываютсяютсяываютсяютсяываютсяютсяываютсяютсяываютсяютсяываютсяютсяываютсяютсяываютсяютсяываютсяютсяываютсяютсяываютсяютсяываютсяютсяываютсяютсяываютсяютсяываютсяютсяываютсяютсяываютсяютсяываютсяютсяываютсяютсяываютсяютсяываютсяютсяываютсяютсяываютсяютсяываютсяютсяываютсяютсяываютсяютсяываютсяютсяываютсяютсяываютсяютсяываютсяютсяываютсяютсяываютсяютсяываютсяютсяываютсяютсяываютсяютсяываютсяютсяываютсяютсяываютсяютсяываютсяютсяываютсяютсяываютсяютсяываютсяютсяываютсяютсяываютсяютсяываютсяютсяываютсяютсяываютсяютсяываютсяютсяываютсяютсяываютсяютсяываютсяютсяываютсяютсяываютсяютсяываютсяютсяываютсяютсяываютсяютсяываютсяютсяываютсяютсяываютсяютсяываютсяютсяываютсяютсяываютсяютсяываютсяютсяываютсяютсяываютсяютсяываютсяютсяываютсяютсяываютсяютсяываютсяютсяываютсяютсяываютсяютсяываютсяютсяываютсяютсяываютсяютсяываютсяютсяываютсяютсяываютсяютсяываютсяютсяываютсяютсяываютсяютсяываютсяютсяываютсяютсяываютсяютсяываютсяютсяываютсяютсяываютсяютсяываютсяютсяываютсяютсяываютсяютсяываютсяютсяываютсяютсяываютсяютсяываютсяютсяываютсяютсяываютсяютсяываютсяютсяываютсяютсяываютсяютсяываютсяютсяываютсяютсяываютсяютсяываютсяютсяываются", "numeric_answer": null, "relative_error": null, "thinking_text": null, "has_tool_call": false, "tool_call": null, "usage": {"prompt_tokens": 103, "completion_tokens": 256, "total_tokens": 359, "token_count_source": "tokenizer"}, "decoding": {"temperature": 0.2, "top_p": null, "top_k": null, "max_tokens": 256, "seed": 42}, "prompt_tokens": 103, "completion_tokens": 256, "total_tokens": 359, "token_count_source": "tokenizer", "diffusion_steps": null, "flops_estimate": null, "flops_arch": null, "flops_model_params": null, "flops_active_params": null, "tokens_non_final": 1, "tokens_reasoning": 0, "tokens_response": 1, "elapsed_seconds": 18.559276342391968, "judgement": "Uncategorized"}
{"id": "units_001267", "topic": "units", "subtopic": "kg_g", "prompt": "An item costs $17.87 per kg. You take 250 g. About how much is that?", "exact_value": 4.47, "model": "tiiuae/Falcon-H1-7B-Instruct", "provider": "transformers", "response": "Finalютсяываютсяываютсяываютсяываютсяываютсяываютсяываютсяываютсяываютсяываютсяываютсяываютсяываютсяываютсяываютсяываютсяываютсяютсяываютсяываютсяываютсяываютсяываютсяываютсяываютсяываютсяываютсяываютсяываютсяываютсяываютсяываютсяываютсяываютсяываютсяываютсяываютсяютсяываютсяываютсяываютсяываютсяываютсяываютсяютсяываютсяываютсяываютсяютсяываютсяютсяываютсяываютсяываютсяываютсяютсяываютсяываютсяываютсяываютсяываютсяываютсяываютсяываютсяываютсяываютсяываютсяываютсяываютсяываютсяываютсяываютсяываютсяываютсяываютсяютсяываютсяываютсяываютсяываютсяываютсяываютсяываютсяываютсяываютсяываютсяываютсяываютсяываютсяываютсяываютсяываютсяываютсяываютсяываютсяываютсяываютсяываютсяываютсяываютсяываютсяываютсяываютсяываютсяываютсяываютсяываютсяываютсяываютсяываютсяываютсяываютсяываютсяываютсяываютсяываютсяываютсяываютсяываютсяываютсяываютсяываютсяываютсяываютсяываютсяываютсяываютсяываютсяываютсяываютсяываютсяываютсяываютсяываютсяываютсяываютсяываютсяываютсяываютсяываютсяываютсяываютсяываютсяываютсяываютсяываютсяываютсяываютсяываютсяываютсяываютсяываютсяываютсяываютсяываютсяываютсяываютсяываютсяываютсяываютсяываютсяываютсяываютсяываютсяываютсяываютсяываютсяываютсяываютсяываютсяываютсяываютсяываютсяываютсяываютсяываютсяываютсяываютсяываютсяываютсяываютсяываютсяываютсяываютсяываютсяываютсяываютсяываютсяываютсяываютсяываютсяываютсяываютсяываютсяываютсяываютсяываютсяываютсяываютсяываютсяываютсяываютсяываютсяываютсяываютсяываютсяываютсяываютсяываютсяываютсяываютсяываютсяываютсяываютсяываютсяываютсяываютсяываютсяываютсяываютсяываютсяываютсяываютсяываютсяываютсяываютсяываютсяываютсяываютсяываютсяываютсяываютсяываютсяываютсяютсяываютсяываютсяываютсяываютсяываютсяываютсяываютсяываютсяываютсяываютсяываютсяываютсяываютсяываютсяываютсяываютсяываютсяываютсяываются", "numeric_answer": null, "relative_error": null, "thinking_text": null, "has_tool_call": false, "tool_call": null, "usage": {"prompt_tokens": 104, "completion_tokens": 256, "total_tokens": 360, "token_count_source": "tokenizer"}, "decoding": {"temperature": 0.2, "top_p": null, "top_k": null, "max_tokens": 256, "seed": 42}, "prompt_tokens": 104, "completion_tokens": 256, "total_tokens": 360, "token_count_source": "tokenizer", "diffusion_steps": null, "flops_estimate": null, "flops_arch": null, "flops_model_params": null, "flops_active_params": null, "tokens_non_final": 1, "tokens_reasoning": 0, "tokens_response": 1, "elapsed_seconds": 18.61437702178955, "judgement": "Uncategorized"}
{"id": "units_001287", "topic": "units", "subtopic": "kg_g", "prompt": "An item costs $6.27 per kg. You take 350 g. About how much is that?", "exact_value": 2.19, "model": "tiiuae/Falcon-H1-7B-Instruct", "provider": "transformers", "response": "Finalютсяываютсяываютсяываютсяываютсяываютсяываютсяываютсяываютсяываютсяываютсяываютсяываютсяываютсяываютсяываютсяываютсяываютсяютсяываютсяываютсяываютсяываютсяываютсяютсяываютсяываютсяываютсяываютсяываютсяываютсяютсяываютсяываютсяываютсяываютсяываютсяываютсяютсяываютсяываютсяываютсяываютсяываютсяываютсяютсяываютсяютсяываютсяываютсяываютсяываютсяываютсяываютсяютсяываютсяываютсяываютсяываютсяываютсяываютсяютсяываютсяютсяываютсяываютсяютсяываютсяютсяываютсяютсяываютсяютсяываютсяютсяываютсяютсяываютсяютсяываютсяютсяываютсяютсяываютсяютсяываютсяютсяываютсяютсяываютсяютсяываютсяютсяываютсяютсяываютсяютсяываютсяютсяываютсяютсяываютсяютсяываютсяютсяываютсяютсяываютсяютсяываютсяютсяываютсяютсяываютсяютсяываютсяютсяываютсяютсяываютсяютсяываютсяютсяываютсяютсяываютсяютсяываютсяютсяываютсяютсяываютсяютсяываютсяютсяываютсяютсяываютсяютсяываютсяютсяываютсяютсяываютсяютсяываютсяютсяываютсяютсяываютсяютсяываютсяютсяываютсяютсяываютсяютсяываютсяютсяываютсяютсяываютсяютсяываютсяютсяываютсяютсяываютсяютсяываютсяютсяываютсяютсяываютсяютсяываютсяютсяываютсяютсяываютсяютсяываютсяютсяываютсяютсяываютсяютсяываютсяютсяываютсяютсяываютсяютсяываютсяютсяываютсяютсяываютсяютсяываютсяютсяываютсяютсяываютсяютсяываютсяютсяываютсяютсяываютсяютсяываютсяютсяываютсяютсяываютсяютсяываютсяютсяываютсяютсяываютсяютсяываютсяютсяываютсяютсяываютсяютсяываютсяютсяываютсяютсяываютсяютсяываютсяютсяываютсяютсяываютсяютсяываютсяютсяываютсяютсяываютсяютсяываютсяютсяываютсяютсяываютсяютсяываютсяются", "numeric_answer": null, "relative_error": null, "thinking_text": null, "has_tool_call": false, "tool_call": null, "usage": {"prompt_tokens": 103, "completion_tokens": 256, "total_tokens": 359, "token_count_source": "tokenizer"}, "decoding": {"temperature": 0.2, "top_p": null, "top_k": null, "max_tokens": 256, "seed": 42}, "prompt_tokens": 103, "completion_tokens": 256, "total_tokens": 359, "token_count_source": "tokenizer", "diffusion_steps": null, "flops_estimate": null, "flops_arch": null, "flops_model_params": null, "flops_active_params": null, "tokens_non_final": 1, "tokens_reasoning": 0, "tokens_response": 1, "elapsed_seconds": 18.386602640151978, "judgement": "Uncategorized"}
{"id": "units_001307", "topic": "units", "subtopic": "lb_oz", "prompt": "You buy 5.85 lb at $4.79 per lb. About how much is that total?", "exact_value": 28.02, "model": "tiiuae/Falcon-H1-7B-Instruct", "provider": "transformers", "response": "Finalютсяываютсяываютсяываютсяываютсяываютсяываютсяываютсяываютсяываютсяываютсяываютсяываютсяываютсяываютсяываютсяываютсяываютсяютсяываютсяываютсяываютсяываютсяываютсяываютсяываютсяываютсяываютсяываютсяываютсяываютсяываютсяываютсяываютсяываютсяываютсяываютсяютсяываютсяываютсяываютсяываютсяываютсяываютсяываютсяываютсяываютсяываютсяютсяываютсяютсяываютсяываютсяываютсяываютсяываютсяываютсяютсяываютсяываютсяываютсяываютсяываютсяываютсяываютсяютсяываютсяютсяываютсяываютсяываютсяываютсяываютсяываютсяываютсяываютсяываютсяываютсяютсяываютсяютсяываютсяываютсяютсяываютсяютсяываютсяютсяываютсяютсяываютсяютсяываютсяютсяываютсяютсяываютсяютсяываютсяютсяываютсяютсяываютсяютсяываютсяютсяываютсяютсяываютсяютсяываютсяютсяываютсяютсяываютсяютсяываютсяютсяываютсяютсяываютсяютсяываютсяютсяываютсяютсяываютсяютсяываютсяютсяываютсяютсяываютсяютсяываютсяютсяываютсяютсяываютсяютсяываютсяютсяываютсяютсяываютсяютсяываютсяютсяываютсяютсяываютсяютсяываютсяютсяываютсяютсяываютсяютсяываютсяютсяываютсяютсяываютсяютсяываютсяютсяываютсяютсяываютсяютсяываютсяютсяываютсяютсяываютсяютсяываютсяютсяываютсяютсяываютсяютсяываютсяютсяываютсяютсяываютсяютсяываютсяютсяываютсяютсяываютсяютсяываютсяютсяываютсяютсяываютсяютсяываютсяютсяываютсяютсяываютсяютсяываютсяютсяываютсяютсяываютсяютсяываютсяютсяываютсяютсяываютсяютсяываютсяютсяываютсяютсяываютсяютсяываютсяютсяываютсяютсяываютсяютсяываютсяютсяываютсяютсяываютсяютсяываютсяютсяываютсяютсяываютсяютсяываютсяютсяываютсяютсяываютсяютсяываютсяютсяываютсяютсяываютсяютсяываются", "numeric_answer": null, "relative_error": null, "thinking_text": null, "has_tool_call": false, "tool_call": null, "usage": {"prompt_tokens": 102, "completion_tokens": 256, "total_tokens": 358, "token_count_source": "tokenizer"}, "decoding": {"temperature": 0.2, "top_p": null, "top_k": null, "max_tokens": 256, "seed": 42}, "prompt_tokens": 102, "completion_tokens": 256, "total_tokens": 358, "token_count_source": "tokenizer", "diffusion_steps": null, "flops_estimate": null, "flops_arch": null, "flops_model_params": null, "flops_active_params": null, "tokens_non_final": 1, "tokens_reasoning": 0, "tokens_response": 1, "elapsed_seconds": 18.49392294883728, "judgement": "Uncategorized"}
{"id": "units_001327", "topic": "units", "subtopic": "lb_oz", "prompt": "You buy 3.55 lb at $11.49 per lb. About how much is that total?", "exact_value": 40.79, "model": "tiiuae/Falcon-H1-7B-Instruct", "provider": "transformers", "response": "Finalются примерно путем умножения веса на цену за фунтются примерно путем умножения весутсяются примерно путем умножения веса на ценуются примерно путем умножения весутсяются примерно путем умножения весутсяются примерно путем умножения весутсяются примерно путем умножения весютсяются примерно путем умножения весютсяются примерно путем умножения весютсяются примерно путем умножения весютсяются примерно путем умножения весютсяются примерно путем умножения весютсяются примерно путем умножения весютсяются примерно путем умножения весютсяются примерно путем умножения весютсяются примерно путем умножения весютсяются примерно путем умножения весютсяются примерно путем умножения весютсяются примерно путем умножения весютсяются примерно путем умножения весютсяются примерно путем умножения весютсяются примерно путем умножения весютсяются примерно путем умножения весютсяются примерно путем умножения весютсяются примерно путем умножения весютсяются примерно путем умножения весютсяются примерно путем умножения весютсяются примерно путем", "numeric_answer": null, "relative_error": null, "thinking_text": null, "has_tool_call": false, "tool_call": null, "usage": {"prompt_tokens": 103, "completion_tokens": 256, "total_tokens": 359, "token_count_source": "tokenizer"}, "decoding": {"temperature": 0.2, "top_p": null, "top_k": null, "max_tokens": 256, "seed": 42}, "prompt_tokens": 103, "completion_tokens": 256, "total_tokens": 359, "token_count_source": "tokenizer", "diffusion_steps": null, "flops_estimate": null, "flops_arch": null, "flops_model_params": null, "flops_active_params": null, "tokens_non_final": 117, "tokens_reasoning": 0, "tokens_response": 117, "elapsed_seconds": 18.31307601928711, "judgement": "Uncategorized"}
{"id": "tips_000127", "topic": "tips", "subtopic": "tips_service", "prompt": "Bill is $61.32; service fee 0% and tip 22%. About how much do you pay in total?", "exact_value": 74.81, "model": "tiiuae/Falcon-H1-7B-Instruct", "provider": "transformers", "response": "Finalются примерно путем расчета общей суммы платежа путем прибавления к исходной сумме стоимости чаевых согласно проценту от суммы заказа без учета сбора за услугуются примерно путем расчета общей суммы платежа путем прибавления стоимости чаевых согласно проценту от суммы заказа без учета сбора за услугуются примерно путем расчета общей суммы платежа путем прибавления стоимости чаевых согласно проценту от суммы заказа без учета сбораются примерно путем расчета общей суммы платежа путем прибавления стоимости чаевых согласно процентуются примерно путем расчета общей суммы платежа путем прибавления стоимости чаевых согласно процентуются примерно путем расчета общей суммы платежа путем прибавления стоимости чаевых согласно процентуются примерно путем расчетаываются примерно путем расчетаываются примерно путем расчетаываются примерно путем расчетаываются примерно путем расчетаются примерно путем расчетаются примерно путем расчетаются примерно путем расчетаются примерно путем расчетаются примерно путем расчетаются примерно путем расчетаются примерно путем расчетаются примерно путем расчетаются примерно путем расчетаются примерно путем расчетаются примерно путем расчетаются примерно путем расчетаются примерно путем расчетаются примерно путем расчетаются примерно путем расчетаются примерно путем", "numeric_answer": null, "relative_error": null, "thinking_text": null, "has_tool_call": false, "tool_call": null, "usage": {"prompt_tokens": 107, "completion_tokens": 256, "total_tokens": 363, "token_count_source": "tokenizer"}, "decoding": {"temperature": 0.2, "top_p": null, "top_k": null, "max_tokens": 256, "seed": 42}, "prompt_tokens": 107, "completion_tokens": 256, "total_tokens": 363, "token_count_source": "tokenizer", "diffusion_steps": null, "flops_estimate": null, "flops_arch": null, "flops_model_params": null, "flops_active_params": null, "tokens_non_final": 160, "tokens_reasoning": 0, "tokens_response": 160, "elapsed_seconds": 18.364001750946045, "judgement": "Uncategorized"}
{"id": "tips_000147", "topic": "tips", "subtopic": "tips_service", "prompt": "Bill is $28.37; service fee 3% and tip 15%. About how much do you pay in total?", "exact_value": 33.6, "model": "tiiuae/Falcon-H1-7B-Instruct", "provider": "transformers", "response": "Finalются примерно путем расчета общей суммы с учетом процентов за услугу и чаевыхываются примерно путем расчета общей суммы с учетом процентов за услугу и чаевыеываются примерно путем расчета общей суммы с учетом процентов за услугу и чаевыеываются примерно путем расчета общей суммы с учетом процентов за услугу и чаевыеываются примерно путем расчета общей суммы с учетом процентов за услугу и чаевыеываются примерно путем расчета общей суммы с учетом процентов за услугу и чаевыеываются примерно путем расчета общей суммы с учетом процентов за услугу и чаевыеываются примерно путем расчета общей суммы с учетом процентов за услугу и чаевыеываются примерно путем расчета общей суммы с учетом процентов за услугу и чаевыеываются примерно путем расчета общей суммы с учетом процентов за услугу и чаевыеываются примерно путем расчета общей суммы с учетом процентов за услугу и чаевыеываются примерно путем расчета общей суммы с учетом процентов за услугу и чаевыеываются примерно путем расчета общей суммы с учетом процентов за услугу и чаевыеываются примерно путем расчета общей суммы с учетом процентов за услугу и чаевыеываются примерно путем расчета общей суммы с учетом процентов за услугу и чаевыеываются примерно путем расчета общей суммы с учетом процентов за услугу и ча", "numeric_answer": null, "relative_error": null, "thinking_text": null, "has_tool_call": false, "tool_call": null, "usage": {"prompt_tokens": 107, "completion_tokens": 256, "total_tokens": 363, "token_count_source": "tokenizer"}, "decoding": {"temperature": 0.2, "top_p": null, "top_k": null, "max_tokens": 256, "seed": 42}, "prompt_tokens": 107, "completion_tokens": 256, "total_tokens": 363, "token_count_source": "tokenizer", "diffusion_steps": null, "flops_estimate": null, "flops_arch": null, "flops_model_params": null, "flops_active_params": null, "tokens_non_final": 193, "tokens_reasoning": 0, "tokens_response": 193, "elapsed_seconds": 18.29631996154785, "judgement": "Uncategorized"}
{"id": "tips_000167", "topic": "tips", "subtopic": "tips_service", "prompt": "Bill is $104.95; service fee 3% and tip 22%. About how much do you pay in total?", "exact_value": 131.88, "model": "tiiuae/Falcon-H1-7B-Instruct", "provider": "transformers", "response": "Finalются примерно путем последовательного применения процентов к исходной стоимости счета путем умножения на соответствующие коэфициенты для каждого из процентов и суммы их вместеютсяютсяываютсяываютсяываютсяываютсяываютсяываютсяываютсяываютсяываютсяываютсяываютсяываютсяываютсяываютсяываютсяываютсяываютсяываютсяываютсяываютсяываютсяываютсяываютсяываютсяываютсяываютсяываютсяываютсяываютсяываютсяываютсяываютсяываютсяываютсяываютсяываютсяываютсяываютсяываютсяываютсяываютсяываютсяываютсяываютсяываютсяываютсяываютсяываютсяываютсяываютсяываютсяываютсяываютсяываютсяываютсяываютсяываютсяываютсяываютсяываютсяываютсяываютсяываютсяываютсяываютсяываютсяываютсяываютсяываютсяываютсяываютсяываютсяываютсяываютсяываютсяываютсяываютсяываютсяываютсяываютсяываютсяываютсяываютсяываютсяываютсяываютсяываютсяываютсяываютсяываютсяываютсяываютсяываютсяываютсяываютсяываютсяываютсяываютсяываютсяываютсяываютсяываютсяываютсяываютсяываютсяываютсяываютсяываютсяываютсяываютсяываютсяываютсяываютсяываютсяываютсяываютсяываютсяываютсяываютсяываютсяываютсяываютсяываютсяываютсяываютсяываютсяываютсяываютсяываютсяываютсяываютсяываютсяываютсяываютсяываютсяываютсяываютсяываютсяываютсяываютсяываютсяываютсяываютсяываютсяываютсяываютсяываютсяываютсяываютсяываютсяываютсяываютсяываютсяываютсяываютсяываютсяываютсяываютсяываютсяываютсяываютсяываютсяываютсяываютсяываютсяываютсяываютсяываютсяываютсяываютсяываютсяываютсяываютсяываютсяываютсяываютсяываютсяываютсяываютсяываютсяываютсяываютсяываютсяываютсяываютсяываютсяываютсяываютсяываютсяываютсяываютсяываютсяываютсяываютсяываютсяываютсяываютсяываютсяываютсяываютсяываютсяываютсяываютсяываютсяываютсяываютсяываютсяываютсяываютсяываютсяываютсяываютсяываютсяываютсяываютсяываютсяываютсяываютсяываютсяываются", "numeric_answer": null, "relative_error": null, "thinking_text": null, "has_tool_call": false, "tool_call": null, "usage": {"prompt_tokens": 108, "completion_tokens": 256, "total_tokens": 364, "token_count_source": "tokenizer"}, "decoding": {"temperature": 0.2, "top_p": null, "top_k": null, "max_tokens": 256, "seed": 42}, "prompt_tokens": 108, "completion_tokens": 256, "total_tokens": 364, "token_count_source": "tokenizer", "diffusion_steps": null, "flops_estimate": null, "flops_arch": null, "flops_model_params": null, "flops_active_params": null, "tokens_non_final": 23, "tokens_reasoning": 0, "tokens_response": 23, "elapsed_seconds": 18.32136607170105, "judgement": "Uncategorized"}
{"id": "tips_000187", "topic": "tips", "subtopic": "tips_service", "prompt": "Bill is $21.63; service fee 5% and tip 18%. About how much do you pay in total?", "exact_value": 26.8, "model": "tiiuae/Falcon-H1-7B-Instruct", "provider": "transformers", "response": "Finalютсяываютсяываютсяываютсяываютсяываютсяываютсяываютсяываютсяываютсяываютсяываютсяываютсяываютсяываютсяываютсяываютсяываютсяываютсяываютсяываютсяываютсяываютсяываютсяываютсяываютсяываютсяываютсяываютсяываютсяываютсяываютсяываютсяываютсяываютсяываютсяываютсяываютсяываютсяываютсяываютсяываютсяываютсяываютсяываютсяываютсяываютсяываютсяываютсяываютсяываютсяываютсяываютсяываютсяываютсяываютсяываютсяываютсяываютсяываютсяываютсяываютсяываютсяываютсяываютсяываютсяываютсяываютсяываютсяываютсяываютсяываютсяываютсяываютсяываютсяываютсяываютсяываютсяываютсяываютсяываютсяываютсяываютсяываютсяываютсяываютсяываютсяываютсяываютсяываютсяываютсяываютсяываютсяываютсяываютсяываютсяываютсяываютсяываютсяываютсяываютсяываютсяываютсяываютсяываютсяываютсяываютсяываютсяываютсяываютсяываютсяываютсяываютсяываютсяываютсяываютсяываютсяываютсяываютсяываютсяываютсяываютсяываютсяываютсяываютсяываютсяываютсяываютсяываютсяываютсяываютсяываютсяываютсяываютсяываютсяываютсяываютсяываютсяываютсяываютсяываютсяываютсяываютсяываютсяываютсяываютсяываютсяываютсяываютсяываютсяываютсяываютсяываютсяываютсяываютсяываютсяываютсяываютсяываютсяываютсяываютсяываютсяываютсяываютсяываютсяываютсяываютсяываютсяываютсяываютсяываютсяываютсяываютсяываютсяываютсяываютсяываютсяываютсяываютсяываютсяываютсяываютсяываютсяываютсяываютсяываютсяываютсяываютсяываютсяываютсяываютсяываютсяываютсяываютсяываютсяываютсяываютсяываютсяываютсяываютсяываютсяываютсяываютсяываютсяываютсяываютсяываютсяываютсяываютсяываютсяываютсяываютсяываютсяываютсяываютсяываютсяываютсяываютсяываютсяываютсяываютсяываютсяываютсяываютсяываютсяываютсяываютсяываютсяываютсяываютсяываютсяываютсяютсяываютсяываютсяываютсяываютсяываютсяываютсяываютсяываютсяываютсяываютсяываютсяываютсяываютсяываютсяываютсяываютсяываютсяываютсяываютсяываютсяываютсяываются", "numeric_answer": null, "relative_error": null, "thinking_text": null, "has_tool_call": false, "tool_call": null, "usage": {"prompt_tokens": 107, "completion_tokens": 256, "total_tokens": 363, "token_count_source": "tokenizer"}, "decoding": {"temperature": 0.2, "top_p": null, "top_k": null, "max_tokens": 256, "seed": 42}, "prompt_tokens": 107, "completion_tokens": 256, "total_tokens": 363, "token_count_source": "tokenizer", "diffusion_steps": null, "flops_estimate": null, "flops_arch": null, "flops_model_params": null, "flops_active_params": null, "tokens_non_final": 1, "tokens_reasoning": 0, "tokens_response": 1, "elapsed_seconds": 18.33301544189453, "judgement": "Uncategorized"}
{"id": "tips_000207", "topic": "tips", "subtopic": "tips_service", "prompt": "Bill is $33.06; service fee 0% and tip 18%. About how much do you pay in total?", "exact_value": 39.01, "model": "tiiuae/Falcon-H1-7B-Instruct", "provider": "transformers", "response": "Finalютсяываютсяываютсяываютсяываютсяываютсяываютсяываютсяываютсяываютсяываютсяываютсяываютсяываютсяываютсяываютсяываютсяываютсяываютсяываютсяываютсяываютсяываютсяываютсяываютсяываютсяываютсяываютсяываютсяываютсяываютсяываютсяываютсяываютсяываютсяываютсяываютсяываютсяываютсяываютсяываютсяываютсяываютсяываютсяываютсяываютсяываютсяываютсяываютсяываютсяываютсяываютсяываютсяываютсяываютсяываютсяываютсяываютсяываютсяываютсяываютсяываютсяываютсяываютсяываютсяываютсяываютсяываютсяываютсяываютсяываютсяываютсяываютсяываютсяываютсяываютсяываютсяываютсяываютсяываютсяываютсяываютсяываютсяываютсяютсяываютсяываютсяываютсяываютсяываютсяываютсяываютсяываютсяываютсяываютсяываютсяываютсяываютсяываютсяываютсяываютсяываютсяываютсяываютсяываютсяываютсяываютсяываютсяываютсяываютсяываютсяываютсяываютсяываютсяываютсяываютсяываютсяываютсяываютсяываютсяываютсяываютсяываютсяываютсяываютсяываютсяываютсяываютсяываютсяываютсяываютсяываютсяываютсяываютсяываютсяютсяываютсяываютсяываютсяываютсяываютсяываютсяываютсяываютсяываютсяываютсяываютсяываютсяываютсяываютсяываютсяываютсяываютсяываютсяываютсяываютсяываютсяываютсяываютсяываютсяываютсяываютсяываютсяываютсяываютсяываютсяываютсяютсяываютсяываютсяываютсяываютсяываютсяываютсяютсяываютсяываютсяываютсяываютсяываютсяываютсяываютсяываютсяываютсяываютсяываютсяываютсяываютсяываютсяываютсяываютсяываютсяываютсяываютсяываютсяываютсяываютсяываютсяываютсяываютсяываютсяываютсяываютсяываютсяываютсяываютсяываютсяываютсяываютсяываютсяываютсяываютсяываютсяываютсяываютсяываютсяываютсяываютсяываютсяываютсяываютсяываютсяываютсяываютсяываютсяютсяываютсяываютсяываютсяываютсяываютсяываютсяютсяываютсяываютсяываютсяываютсяываютсяываютсяютсяываютсяываютсяываютсяываютсяываютсяываютсяютсяываютсяываютсяываютсяываютсяываютсяываютсяютсяываются", "numeric_answer": null, "relative_error": null, "thinking_text": null, "has_tool_call": false, "tool_call": null, "usage": {"prompt_tokens": 107, "completion_tokens": 256, "total_tokens": 363, "token_count_source": "tokenizer"}, "decoding": {"temperature": 0.2, "top_p": null, "top_k": null, "max_tokens": 256, "seed": 42}, "prompt_tokens": 107, "completion_tokens": 256, "total_tokens": 363, "token_count_source": "tokenizer", "diffusion_steps": null, "flops_estimate": null, "flops_arch": null, "flops_model_params": null, "flops_active_params": null, "tokens_non_final": 1, "tokens_reasoning": 0, "tokens_response": 1, "elapsed_seconds": 18.33414888381958, "judgement": "Uncategorized"}
{"id": "tips_000227", "topic": "tips", "subtopic": "tips_service", "prompt": "Bill is $72.70; service fee 3% and tip 22%. About how much do you pay in total?", "exact_value": 91.35, "model": "tiiuae/Falcon-H1-7B-Instruct", "provider": "transformers", "response": "Finalютсяываютсяываютсяываютсяываютсяываютсяываютсяываютсяываютсяываютсяываютсяываютсяываютсяываютсяываютсяываютсяываютсяываютсяываютсяываютсяываютсяываютсяываютсяываютсяываютсяываютсяываютсяываютсяываютсяываютсяываютсяываютсяываютсяываютсяываютсяываютсяываютсяываютсяываютсяываютсяываютсяываютсяываютсяываютсяываютсяываютсяываютсяываютсяываютсяываютсяываютсяываютсяываютсяываютсяываютсяываютсяываютсяываютсяываютсяываютсяываютсяываютсяываютсяываютсяываютсяываютсяываютсяываютсяываютсяываютсяываютсяываютсяываютсяываютсяываютсяываютсяываютсяываютсяываютсяываютсяываютсяываютсяываютсяываютсяываютсяываютсяываютсяываютсяываютсяываютсяываютсяываютсяываютсяываютсяываютсяываютсяываютсяываютсяываютсяываютсяываютсяываютсяываютсяываютсяываютсяываютсяываютсяываютсяываютсяываютсяываютсяываютсяываютсяываютсяываютсяываютсяываютсяываютсяываютсяываютсяываютсяываютсяываютсяываютсяываютсяываютсяываютсяываютсяываютсяываютсяываютсяываютсяываютсяываютсяываютсяываютсяываютсяываютсяываютсяываютсяываютсяываютсяываютсяываютсяываютсяываютсяываютсяываютсяываютсяываютсяываютсяываютсяываютсяываютсяываютсяываютсяываютсяываютсяываютсяываютсяываютсяываютсяываютсяываютсяываютсяываютсяываютсяываютсяываютсяываютсяываютсяютсяываютсяываютсяываютсяываютсяываютсяываютсяываютсяываютсяываютсяываютсяываютсяываютсяываютсяываютсяываютсяываютсяываютсяываютсяываютсяываютсяываютсяываютсяываютсяываютсяываютсяываютсяываютсяываютсяываютсяываютсяываютсяываютсяываютсяываютсяываютсяываютсяываютсяываютсяываютсяываютсяываютсяываютсяываютсяываютсяываютсяываютсяываютсяываютсяываютсяываютсяываютсяываютсяываютсяываютсяываютсяываютсяываютсяываютсяываютсяываютсяываютсяываютсяываютсяываютсяываютсяываютсяываютсяываютсяываютсяываютсяываютсяываютсяываютсяываютсяываютсяываютсяываютсяываютсяываютсяываютсяываютсяываютсяываются", "numeric_answer": null, "relative_error": null, "thinking_text": null, "has_tool_call": false, "tool_call": null, "usage": {"prompt_tokens": 107, "completion_tokens": 256, "total_tokens": 363, "token_count_source": "tokenizer"}, "decoding": {"temperature": 0.2, "top_p": null, "top_k": null, "max_tokens": 256, "seed": 42}, "prompt_tokens": 107, "completion_tokens": 256, "total_tokens": 363, "token_count_source": "tokenizer", "diffusion_steps": null, "flops_estimate": null, "flops_arch": null, "flops_model_params": null, "flops_active_params": null, "tokens_non_final": 1, "tokens_reasoning": 0, "tokens_response": 1, "elapsed_seconds": 18.367613077163696, "judgement": "Uncategorized"}
{"id": "tips_000247", "topic": "tips", "subtopic": "tips_service", "prompt": "Bill is $79.43; service fee 0% and tip 22%. About how much do you pay in total?", "exact_value": 96.9, "model": "tiiuae/Falcon-H1-7B-Instruct", "provider": "transformers", "response": "Finalются примерно путем расчета общей суммы платежа путем прибавления к исходной сумме стоимости чаевых согласно проценту чаевых относительно исходной суммы платежа до вычета чаевыхываются путем прибавления к исходной сумме стоимости чаевых согласно проценту чаевых относительно исходной суммы платежа до вычета чаевыхются путем прибавления к исходной сумме стоимости чаевых согласно проценту чаевых относительно исходной суммы платежа до вычета чаевыхываются путем прибавления к исходной сумме стоимости чаевых согласно проценту чаевых относительно исходной суммы платежа до вычета чаевыхываются путем прибавления к исходной сумме стоимости чаевых согласно проценту чаевых относительно исходной суммы платежа до вычета чаевыхываются путем прибавления к исходной сумме стоимости чаевых согласно проценту чаевых относительно исходной суммы платежа доются путем прибавления к исходной сумме стоимости чаевых согласно проценту чаевых относительно исходной суммы платежа доются путем прибавления к исходной сумме стоимости чаевых согласно проценту чаевых относительно исходной суммы платежа доются путем прибавления к исходной сумме стоимости чаевых согласно проценту чаевых относительно исходной суммы", "numeric_answer": null, "relative_error": null, "thinking_text": null, "has_tool_call": false, "tool_call": null, "usage": {"prompt_tokens": 107, "completion_tokens": 256, "total_tokens": 363, "token_count_source": "tokenizer"}, "decoding": {"temperature": 0.2, "top_p": null, "top_k": null, "max_tokens": 256, "seed": 42}, "prompt_tokens": 107, "completion_tokens": 256, "total_tokens": 363, "token_count_source": "tokenizer", "diffusion_steps": null, "flops_estimate": null, "flops_arch": null, "flops_model_params": null, "flops_active_params": null, "tokens_non_final": 150, "tokens_reasoning": 0, "tokens_response": 150, "elapsed_seconds": 18.210830450057983, "judgement": "Uncategorized"}
{"id": "tips_000267", "topic": "tips", "subtopic": "tips_service", "prompt": "Bill is $66.82; service fee 3% and tip 22%. About how much do you pay in total?", "exact_value": 83.97, "model": "tiiuae/Falcon-H1-7B-Instruct", "provider": "transformers", "response": "Finalются примерно путем последовательного применения процентов к исходной сумме счетаются примерно путем последовательного применения процентов к исходной сумме счетаются примерно путем последовательного применения процентов к исходной сумме счетаются примерно путем последовательного применения процентов к исходной сумме счетаются примерно путем последовательного применения процентов к исходной сумме счетаются примерно путем последовательного применения процентов к исходной сумме счетаются примерно путем последовательного применения процентов к исходной сумме счетаются примерно путем последовательного применения процентов к исходной сумме счетаются примерно путем последовательного применения процентов к исходной сумме счетаются примерно путем последовательного применения процентов к исходной сумме счетаются примерно путем последовательного применения процентов к исходной сумме счетаются примерно путем последовательного применения процентов к исходной сумме счетаются примерно путем последовательного применения процентов к исходной сумме счетаются примерно путем последовательного применения процентов к исходной сумме счетаются примерно путем последовательного применения процентов к исходной сумме счетаются примерно путем последовательного применения процентов к исходной сумме счетаются примерно путем последовательного применения процентов к исходной сумме счетаются примерно путем последовательного применения процентов к исходной сумме счетаются примерно путем", "numeric_answer": null, "relative_error": null, "thinking_text": null, "has_tool_call": false, "tool_call": null, "usage": {"prompt_tokens": 107, "completion_tokens": 256, "total_tokens": 363, "token_count_source": "tokenizer"}, "decoding": {"temperature": 0.2, "top_p": null, "top_k": null, "max_tokens": 256, "seed": 42}, "prompt_tokens": 107, "completion_tokens": 256, "total_tokens": 363, "token_count_source": "tokenizer", "diffusion_steps": null, "flops_estimate": null, "flops_arch": null, "flops_model_params": null, "flops_active_params": null, "tokens_non_final": 165, "tokens_reasoning": 0, "tokens_response": 165, "elapsed_seconds": 18.233738660812378, "judgement": "Uncategorized"}
{"id": "tips_000287", "topic": "tips", "subtopic": "tips_service", "prompt": "Bill is $54.76; service fee 5% and tip 18%. About how much do you pay in total?", "exact_value": 67.85, "model": "tiiuae/Falcon-H1-7B-Instruct", "provider": "transformers", "response": "Finalютсяываютсяываютсяываютсяываютсяываютсяываютсяываютсяываютсяываютсяываютсяываютсяываютсяываютсяываютсяываютсяываютсяываютсяываютсяываютсяываютсяываютсяываютсяываютсяываютсяываютсяываютсяываютсяываютсяываютсяываютсяываютсяываютсяываютсяываютсяываютсяываютсяываютсяываютсяываютсяываютсяываютсяываютсяываютсяываютсяываютсяываютсяываютсяываютсяываютсяываютсяываютсяываютсяываютсяываютсяываютсяываютсяываютсяываютсяываютсяываютсяываютсяываютсяываютсяываютсяываютсяываютсяываютсяываютсяываютсяываютсяываютсяываютсяываютсяываютсяываютсяываютсяываютсяываютсяываютсяываютсяываютсяываютсяываютсяываютсяываютсяываютсяываютсяываютсяываютсяываютсяываютсяываютсяываютсяываютсяываютсяываютсяываютсяываютсяываютсяываютсяываютсяываютсяываютсяываютсяываютсяываютсяываютсяываютсяываютсяываютсяываютсяываютсяываютсяываютсяываютсяываютсяываютсяываютсяываютсяываютсяываютсяываютсяываютсяываютсяываютсяываютсяываютсяываютсяываютсяываютсяываютсяываютсяываютсяываютсяываютсяываютсяываютсяываютсяываютсяываютсяываютсяываютсяываютсяываютсяываютсяываютсяываютсяываютсяываютсяываютсяываютсяываютсяываютсяываютсяываютсяываютсяываютсяываютсяываютсяываютсяываютсяываютсяываютсяываютсяываютсяываютсяываютсяываютсяываютсяываютсяываютсяываютсяываютсяываютсяываютсяываютсяываютсяютсяываютсяываютсяываютсяываютсяываютсяываютсяываютсяываютсяываютсяываютсяываютсяываютсяываютсяываютсяываютсяываютсяываютсяываютсяываютсяываютсяываютсяываютсяываютсяываютсяываютсяываютсяываютсяываютсяываютсяываютсяываютсяываютсяываютсяываютсяываютсяываютсяываютсяываютсяываютсяываютсяываютсяываютсяываютсяываютсяываютсяываютсяываютсяываютсяываютсяываютсяываютсяываютсяываютсяываютсяываютсяываютсяываютсяываютсяываютсяываютсяываютсяываютсяываютсяываютсяываютсяываютсяываютсяываютсяываютсяываютсяываютсяываютсяываютсяываютсяываютсяываются", "numeric_answer": null, "relative_error": null, "thinking_text": null, "has_tool_call": false, "tool_call": null, "usage": {"prompt_tokens": 107, "completion_tokens": 256, "total_tokens": 363, "token_count_source": "tokenizer"}, "decoding": {"temperature": 0.2, "top_p": null, "top_k": null, "max_tokens": 256, "seed": 42}, "prompt_tokens": 107, "completion_tokens": 256, "total_tokens": 363, "token_count_source": "tokenizer", "diffusion_steps": null, "flops_estimate": null, "flops_arch": null, "flops_model_params": null, "flops_active_params": null, "tokens_non_final": 1, "tokens_reasoning": 0, "tokens_response": 1, "elapsed_seconds": 18.30021047592163, "judgement": "Uncategorized"}
{"id": "tips_000307", "topic": "tips", "subtopic": "tips_service", "prompt": "Bill is $114.55; service fee 3% and tip 22%. About how much do you pay in total?", "exact_value": 143.94, "model": "tiiuae/Falcon-H1-7B-Instruct", "provider": "transformers", "response": "Finalютсяываютсяываютсяываютсяываютсяываютсяываютсяываютсяываютсяываютсяываютсяываютсяываютсяываютсяываютсяываютсяываютсяываютсяываютсяываютсяываютсяываютсяываютсяываютсяываютсяываютсяываютсяываютсяываютсяываютсяываютсяываютсяываютсяываютсяываютсяываютсяываютсяываютсяываютсяываютсяываютсяываютсяываютсяываютсяываютсяываютсяываютсяываютсяываютсяываютсяываютсяываютсяываютсяываютсяываютсяываютсяываютсяываютсяываютсяываютсяываютсяываютсяываютсяываютсяываютсяываютсяываютсяываютсяываютсяываютсяываютсяываютсяываютсяываютсяываютсяываютсяываютсяываютсяываютсяываютсяываютсяываютсяываютсяываютсяываютсяываютсяываютсяываютсяываютсяываютсяываютсяываютсяываютсяываютсяываютсяываютсяываютсяываютсяываютсяываютсяываютсяываютсяываютсяываютсяываютсяываютсяываютсяываютсяываютсяываютсяываютсяываютсяываютсяываютсяываютсяываютсяываютсяываютсяываютсяываютсяываютсяываютсяываютсяываютсяываютсяываютсяываютсяываютсяываютсяываютсяываютсяываютсяываютсяываютсяываютсяываютсяываютсяываютсяываютсяываютсяываютсяываютсяываютсяываютсяываютсяываютсяываютсяываютсяываютсяываютсяываютсяываютсяываютсяываютсяываютсяываютсяываютсяываютсяываютсяываютсяываютсяываютсяываютсяываютсяываютсяываютсяываютсяываютсяываютсяываютсяываютсяываютсяываютсяываютсяываютсяываютсяываютсяываютсяываютсяываютсяываютсяываютсяываютсяываютсяываютсяываютсяываютсяываютсяываютсяываютсяываютсяываютсяываютсяываютсяываютсяываютсяываютсяываютсяываютсяываютсяываютсяываютсяываютсяываютсяываютсяываютсяываютсяываютсяываютсяываютсяываютсяываютсяываютсяываютсяываютсяываютсяываютсяываютсяываютсяываютсяываютсяываютсяываютсяываютсяываютсяываютсяываютсяываютсяываютсяываютсяываютсяываютсяываютсяываютсяываютсяываютсяываютсяываютсяываютсяываютсяываютсяываютсяываютсяываютсяываютсяываютсяываютсяываютсяываютсяываютсяываютсяываютсяываютсяываютсяываются", "numeric_answer": null, "relative_error": null, "thinking_text": null, "has_tool_call": false, "tool_call": null, "usage": {"prompt_tokens": 108, "completion_tokens": 256, "total_tokens": 364, "token_count_source": "tokenizer"}, "decoding": {"temperature": 0.2, "top_p": null, "top_k": null, "max_tokens": 256, "seed": 42}, "prompt_tokens": 108, "completion_tokens": 256, "total_tokens": 364, "token_count_source": "tokenizer", "diffusion_steps": null, "flops_estimate": null, "flops_arch": null, "flops_model_params": null, "flops_active_params": null, "tokens_non_final": 1, "tokens_reasoning": 0, "tokens_response": 1, "elapsed_seconds": 18.32040786743164, "judgement": "Uncategorized"}
{"id": "tips_000327", "topic": "tips", "subtopic": "tips_service", "prompt": "Bill is $31.62; service fee 5% and tip 18%. About how much do you pay in total?", "exact_value": 39.18, "model": "tiiuae/Falcon-H1-7B-Instruct", "provider": "transformers", "response": "Finalютсяываютсяываютсяываютсяываютсяываютсяываютсяываютсяываютсяываютсяываютсяываютсяываютсяываютсяываютсяываютсяываютсяываютсяываютсяываютсяываютсяываютсяываютсяываютсяываютсяываютсяываютсяываютсяываютсяываютсяываютсяываютсяываютсяываютсяываютсяываютсяываютсяываютсяываютсяываютсяываютсяываютсяываютсяываютсяываютсяываютсяываютсяываютсяываютсяываютсяываютсяываютсяываютсяываютсяываютсяываютсяываютсяываютсяываютсяываютсяываютсяываютсяываютсяываютсяываютсяываютсяываютсяываютсяываютсяываютсяываютсяываютсяываютсяываютсяываютсяываютсяываютсяываютсяываютсяываютсяываютсяываютсяываютсяываютсяываютсяываютсяываютсяываютсяываютсяываютсяываютсяываютсяываютсяываютсяываютсяываютсяываютсяываютсяываютсяываютсяываютсяываютсяываютсяываютсяываютсяываютсяываютсяываютсяываютсяываютсяываютсяываютсяываютсяываютсяываютсяываютсяываютсяываютсяываютсяываютсяываютсяываютсяываютсяываютсяываютсяываютсяываютсяываютсяываютсяываютсяываютсяываютсяываютсяываютсяываютсяываютсяываютсяываютсяываютсяываютсяываютсяываютсяываютсяываютсяываютсяываютсяываютсяываютсяываютсяываютсяываютсяываютсяываютсяываютсяываютсяываютсяываютсяываютсяываютсяываютсяываютсяываютсяываютсяываютсяываютсяываютсяываютсяываютсяываютсяываютсяываютсяываютсяываютсяываютсяываютсяываютсяываютсяываютсяываютсяываютсяываютсяываютсяываютсяываютсяываютсяываютсяываютсяываютсяываютсяываютсяываютсяываютсяываютсяываютсяываютсяываютсяываютсяываютсяываютсяываютсяываютсяываютсяываютсяываютсяываютсяываютсяываютсяываютсяываютсяываютсяываютсяываютсяываютсяываютсяываютсяываютсяываютсяываютсяываютсяываютсяываютсяываютсяываютсяываютсяываютсяываютсяываютсяываютсяываютсяываютсяываютсяываютсяываютсяываютсяываютсяываютсяываютсяываютсяываютсяываютсяываютсяываютсяываютсяываютсяываютсяываютсяываютсяываютсяываютсяываютсяываютсяываютсяываютсяываютсяываются", "numeric_answer": null, "relative_error": null, "thinking_text": null, "has_tool_call": false, "tool_call": null, "usage": {"prompt_tokens": 107, "completion_tokens": 256, "total_tokens": 363, "token_count_source": "tokenizer"}, "decoding": {"temperature": 0.2, "top_p": null, "top_k": null, "max_tokens": 256, "seed": 42}, "prompt_tokens": 107, "completion_tokens": 256, "total_tokens": 363, "token_count_source": "tokenizer", "diffusion_steps": null, "flops_estimate": null, "flops_arch": null, "flops_model_params": null, "flops_active_params": null, "tokens_non_final": 1, "tokens_reasoning": 0, "tokens_response": 1, "elapsed_seconds": 18.23530101776123, "judgement": "Uncategorized"}
{"id": "tips_000347", "topic": "tips", "subtopic": "tips_service", "prompt": "Bill is $22.85; service fee 3% and tip 15%. About how much do you pay in total?", "exact_value": 27.07, "model": "tiiuae/Falcon-H1-7B-Instruct", "provider": "transformers", "response": "Finalютсяываютсяываютсяываютсяываютсяываютсяываютсяываютсяываютсяываютсяываютсяываютсяываютсяываютсяываютсяываютсяываютсяываютсяываютсяываютсяываютсяываютсяываютсяываютсяываютсяываютсяываютсяываютсяываютсяываютсяываютсяываютсяываютсяываютсяываютсяываютсяываютсяываютсяываютсяываютсяываютсяываютсяываютсяываютсяываютсяываютсяываютсяываютсяываютсяываютсяываютсяываютсяываютсяываютсяываютсяываютсяываютсяываютсяываютсяываютсяываютсяываютсяываютсяываютсяываютсяываютсяываютсяываютсяываютсяываютсяываютсяываютсяываютсяываютсяываютсяываютсяываютсяываютсяываютсяываютсяываютсяываютсяываютсяываютсяываютсяываютсяываютсяываютсяываютсяываютсяываютсяываютсяываютсяываютсяываютсяываютсяываютсяываютсяываютсяываютсяываютсяываютсяываютсяываютсяываютсяываютсяываютсяываютсяываютсяываютсяываютсяываютсяываютсяываютсяываютсяываютсяываютсяываютсяываютсяываютсяываютсяываютсяываютсяываютсяываютсяываютсяываютсяываютсяываютсяываютсяываютсяываютсяываютсяываютсяываютсяываютсяываютсяываютсяываютсяываютсяываютсяываютсяываютсяываютсяываютсяываютсяываютсяываютсяываютсяываютсяываютсяываютсяываютсяываютсяываютсяываютсяываютсяываютсяываютсяываютсяываютсяываютсяываютсяываютсяываютсяываютсяываютсяываютсяываютсяываютсяываютсяываютсяываютсяываютсяываютсяываютсяываютсяываютсяываютсяываютсяываютсяываютсяываютсяываютсяываютсяываютсяываютсяываютсяываютсяываютсяываютсяываютсяываютсяываютсяываютсяываютсяываютсяываютсяываютсяываютсяываютсяываютсяываютсяываютсяываютсяываютсяываютсяываютсяываютсяываютсяываютсяываютсяываютсяываютсяываютсяываютсяываютсяываютсяываютсяываютсяываютсяываютсяываютсяываютсяываютсяываютсяываютсяываютсяываютсяываютсяываютсяываютсяываютсяываютсяываютсяываютсяываютсяываютсяываютсяываютсяываютсяываютсяываютсяываютсяываютсяываютсяываютсяываютсяываютсяываютсяываютсяываютсяываютсяываютсяываются", "numeric_answer": null, "relative_error": null, "thinking_text": null, "has_tool_call": false, "tool_call": null, "usage": {"prompt_tokens": 107, "completion_tokens": 256, "total_tokens": 363, "token_count_source": "tokenizer"}, "decoding": {"temperature": 0.2, "top_p": null, "top_k": null, "max_tokens": 256, "seed": 42}, "prompt_tokens": 107, "completion_tokens": 256, "total_tokens": 363, "token_count_source": "tokenizer", "diffusion_steps": null, "flops_estimate": null, "flops_arch": null, "flops_model_params": null, "flops_active_params": null, "tokens_non_final": 1, "tokens_reasoning": 0, "tokens_response": 1, "elapsed_seconds": 18.29847264289856, "judgement": "Uncategorized"}
{"id": "tips_000367", "topic": "tips", "subtopic": "tips_service", "prompt": "Bill is $82.68; service fee 0% and tip 15%. About how much do you pay in total?", "exact_value": 95.08, "model": "tiiuae/Falcon-H1-7B-Instruct", "provider": "transformers", "response": "Finalютсяываютсяываютсяываютсяываютсяываютсяываютсяываютсяываютсяываютсяываютсяываютсяываютсяываютсяываютсяываютсяываютсяываютсяываютсяываютсяываютсяываютсяываютсяываютсяываютсяываютсяываютсяываютсяываютсяываютсяываютсяываютсяываютсяываютсяываютсяываютсяываютсяываютсяываютсяываютсяываютсяываютсяываютсяываютсяываютсяываютсяываютсяываютсяываютсяываютсяываютсяываютсяываютсяываютсяываютсяываютсяываютсяываютсяываютсяываютсяываютсяываютсяываютсяываютсяываютсяываютсяываютсяываютсяываютсяываютсяываютсяываютсяываютсяываютсяываютсяываютсяываютсяываютсяываютсяываютсяываютсяываютсяываютсяываютсяываютсяываютсяываютсяываютсяываютсяываютсяываютсяываютсяываютсяываютсяываютсяываютсяываютсяываютсяываютсяываютсяываютсяываютсяываютсяываютсяываютсяываютсяываютсяываютсяываютсяываютсяываютсяываютсяываютсяываютсяываютсяываютсяываютсяываютсяываютсяываютсяываютсяываютсяываютсяываютсяываютсяываютсяываютсяываютсяываютсяываютсяываютсяываютсяываютсяываютсяываютсяываютсяываютсяываютсяываютсяываютсяываютсяываютсяываютсяываютсяываютсяываютсяываютсяываютсяываютсяываютсяываютсяываютсяываютсяываютсяываютсяываютсяываютсяываютсяываютсяываютсяываютсяываютсяываютсяываютсяываютсяываютсяываютсяываютсяываютсяываютсяываютсяываютсяываютсяываютсяываютсяываютсяываютсяываютсяываютсяываютсяываютсяываютсяываютсяываютсяываютсяютсяываютсяываютсяываютсяываютсяываютсяываютсяываютсяываютсяываютсяываютсяываютсяываютсяываютсяываютсяываютсяываютсяываютсяываютсяываютсяываютсяываютсяываютсяываютсяываютсяываютсяываютсяываютсяываютсяываютсяываютсяываютсяываютсяываютсяываютсяываютсяываютсяываютсяываютсяываютсяютсяываютсяываютсяываютсяываютсяываютсяываютсяываютсяютсяываютсяываютсяываютсяываютсяываютсяываютсяютсяываютсяываютсяываютсяываютсяываютсяываютсяютсяываютсяываютсяываютсяываютсяываютсяываютсяются", "numeric_answer": null, "relative_error": null, "thinking_text": null, "has_tool_call": false, "tool_call": null, "usage": {"prompt_tokens": 107, "completion_tokens": 256, "total_tokens": 363, "token_count_source": "tokenizer"}, "decoding": {"temperature": 0.2, "top_p": null, "top_k": null, "max_tokens": 256, "seed": 42}, "prompt_tokens": 107, "completion_tokens": 256, "total_tokens": 363, "token_count_source": "tokenizer", "diffusion_steps": null, "flops_estimate": null, "flops_arch": null, "flops_model_params": null, "flops_active_params": null, "tokens_non_final": 1, "tokens_reasoning": 0, "tokens_response": 1, "elapsed_seconds": 18.243136882781982, "judgement": "Uncategorized"}
{"id": "tips_000387", "topic": "tips", "subtopic": "tips_service", "prompt": "Bill is $87.76; service fee 3% and tip 22%. About how much do you pay in total?", "exact_value": 110.28, "model": "tiiuae/Falcon-H1-7B-Instruct", "provider": "transformers", "response": "Finalются примерно путем расчета общей суммы с учетом процентов за услугу и чаевыеываются примерно путем расчета общей суммы с учетом процентов за услугу и чаевыеываются примерно путем расчета общей суммы с учетом процентов за услугу и чаевыеываются примерно путем расчета общей суммы с учетом процентов за услугу и чаевыеываются примерно путем расчета общей суммы с учетом процентов за услугу и чаевыеываются примерно путем расчета общей суммы с учетом процентов за услугу и чаевыеываются примерно путем расчета общей суммы с учетом процентов за услугу и чаевыеываются примерно путем расчета общей суммы с учетом процентов за услугу и чаевыеываются примерно путем расчета общей суммы с учетом процентов за услугу и чаевыеываются примерно путем расчета общей суммы с учетом процентов за услугу и чаевыеываются примерно путем расчета общей суммы с учетом процентов за услугу и чаевыеываются примерно путем расчета общей суммы с учетом процентов за услугу и чаевыеываются примерно путем расчета общей суммы с учетом процентов за услугу и чаевыеываются примерно путем расчета общей суммы с учетом процентов за услугу и чаевыеываются примерно путем расчета общей суммы с учетом процентов за услугу и чаевыеываются примерно путем расчета общей суммы с учетом процентов за услугу и ча", "numeric_answer": null, "relative_error": null, "thinking_text": null, "has_tool_call": false, "tool_call": null, "usage": {"prompt_tokens": 107, "completion_tokens": 256, "total_tokens": 363, "token_count_source": "tokenizer"}, "decoding": {"temperature": 0.2, "top_p": null, "top_k": null, "max_tokens": 256, "seed": 42}, "prompt_tokens": 107, "completion_tokens": 256, "total_tokens": 363, "token_count_source": "tokenizer", "diffusion_steps": null, "flops_estimate": null, "flops_arch": null, "flops_model_params": null, "flops_active_params": null, "tokens_non_final": 193, "tokens_reasoning": 0, "tokens_response": 193, "elapsed_seconds": 18.23452138900757, "judgement": "Uncategorized"}
{"id": "tips_000407", "topic": "tips", "subtopic": "tips_service", "prompt": "Bill is $81.00; service fee 3% and tip 20%. About how much do you pay in total?", "exact_value": 100.12, "model": "tiiuae/Falcon-H1-7B-Instruct", "provider": "transformers", "response": "Finalютсяываютсяываютсяываютсяываютсяываютсяываютсяываютсяываютсяываютсяываютсяываютсяываютсяываютсяываютсяываютсяываютсяываютсяываютсяываютсяываютсяываютсяываютсяываютсяываютсяываютсяываютсяываютсяываютсяываютсяываютсяываютсяываютсяываютсяываютсяываютсяываютсяываютсяываютсяываютсяываютсяываютсяываютсяываютсяываютсяываютсяываютсяываютсяываютсяываютсяываютсяываютсяываютсяываютсяываютсяываютсяываютсяываютсяываютсяываютсяываютсяываютсяываютсяютсяываютсяываютсяываютсяываютсяываютсяываютсяываютсяываютсяываютсяываютсяываютсяываютсяютсяываютсяываютсяываютсяываютсяываютсяываютсяываютсяываютсяываютсяываютсяываютсяываютсяываютсяываютсяываютсяываютсяываютсяываютсяютсяываютсяываютсяываютсяываютсяываютсяываютсяютсяываютсяываютсяываютсяываютсяываютсяютсяываютсяываютсяываютсяываютсяываютсяываютсяютсяываютсяываютсяываютсяываютсяываютсяываютсяютсяываютсяываютсяываютсяываютсяываютсяываютсяютсяываютсяываютсяываютсяываютсяываютсяываютсяютсяываютсяываютсяываютсяываютсяываютсяываютсяютсяываютсяываютсяываютсяываютсяываютсяываютсяютсяываютсяываютсяываютсяываютсяываютсяываютсяютсяываютсяываютсяываютсяываютсяываютсяываютсяютсяываютсяываютсяываютсяываютсяываютсяываютсяютсяываютсяываютсяываютсяываютсяываютсяываютсяютсяываютсяываютсяываютсяываютсяываютсяываютсяютсяываютсяываютсяываютсяываютсяываютсяываютсяютсяываютсяываютсяываютсяываютсяываютсяываютсяютсяываютсяываютсяываютсяываютсяываютсяываютсяютсяываютсяываютсяываютсяываютсяываютсяываютсяютсяываютсяываютсяываютсяываютсяываютсяываютсяютсяываютсяываютсяываютсяываютсяываютсяываютсяютсяываютсяываютсяываютсяываютсяываютсяываютсяютсяываютсяываютсяываютсяываютсяываютсяываютсяютсяываютсяываютсяываютсяываютсяываютсяываютсяютсяываютсяываютсяываютсяываютсяываютсяываются", "numeric_answer": null, "relative_error": null, "thinking_text": null, "has_tool_call": false, "tool_call": null, "usage": {"prompt_tokens": 107, "completion_tokens": 256, "total_tokens": 363, "token_count_source": "tokenizer"}, "decoding": {"temperature": 0.2, "top_p": null, "top_k": null, "max_tokens": 256, "seed": 42}, "prompt_tokens": 107, "completion_tokens": 256, "total_tokens": 363, "token_count_source": "tokenizer", "diffusion_steps": null, "flops_estimate": null, "flops_arch": null, "flops_model_params": null, "flops_active_params": null, "tokens_non_final": 1, "tokens_reasoning": 0, "tokens_response": 1, "elapsed_seconds": 18.296730041503906, "judgement": "Uncategorized"}
{"id": "tips_000427", "topic": "tips", "subtopic": "tips_service", "prompt": "Bill is $99.26; service fee 0% and tip 22%. About how much do you pay in total?", "exact_value": 121.1, "model": "tiiuae/Falcon-H1-7B-Instruct", "provider": "transformers", "response": "Finalютсяываютсяываютсяываютсяываютсяываютсяываютсяываютсяываютсяываютсяываютсяываютсяываютсяываютсяываютсяываютсяываютсяываютсяютсяываютсяываютсяываютсяываютсяываютсяываютсяываютсяываютсяываютсяываютсяываютсяываютсяываютсяываютсяываютсяываютсяываютсяываютсяываютсяютсяываютсяываютсяываютсяываютсяываютсяываютсяываютсяываютсяываютсяываютсяываютсяываютсяываютсяываютсяываютсяываютсяываютсяываютсяываютсяываютсяываютсяываютсяываютсяываютсяываютсяываютсяываютсяываютсяываютсяываютсяываютсяываютсяываютсяываютсяываютсяываютсяываютсяываютсяываютсяываютсяываютсяываютсяываютсяываютсяываютсяываютсяываютсяываютсяываютсяываютсяываютсяываютсяываютсяываютсяываютсяываютсяываютсяываютсяываютсяываютсяываютсяываютсяываютсяываютсяываютсяываютсяываютсяываютсяываютсяываютсяываютсяываютсяываютсяываютсяываютсяываютсяываютсяываютсяываютсяываютсяываютсяываютсяываютсяываютсяываютсяываютсяываютсяываютсяываютсяываютсяываютсяываютсяываютсяываютсяываютсяываютсяываютсяываютсяываютсяываютсяываютсяываютсяываютсяываютсяываютсяываютсяываютсяываютсяываютсяываютсяываютсяываютсяываютсяываютсяываютсяываютсяываютсяываютсяываютсяываютсяываютсяываютсяываютсяываютсяываютсяываютсяываютсяываютсяываютсяываютсяываютсяываютсяываютсяываютсяываютсяываютсяываютсяываютсяываютсяываютсяываютсяываютсяываютсяываютсяываютсяываютсяываютсяываютсяываютсяываютсяываютсяываютсяываютсяываютсяываютсяываютсяываютсяываютсяываютсяываютсяываютсяываютсяываютсяываютсяываютсяываютсяываютсяываютсяываютсяываютсяываютсяываютсяываютсяываютсяываютсяываютсяываютсяываютсяываютсяываютсяываютсяываютсяываютсяываютсяываютсяываютсяываютсяываютсяываютсяываютсяываютсяываютсяываютсяываютсяываютсяываютсяываютсяываютсяываютсяываютсяываютсяываютсяываютсяываютсяываютсяываютсяываютсяываютсяываютсяываютсяываютсяываютсяываютсяываютсяываютсяываются", "numeric_answer": null, "relative_error": null, "thinking_text": null, "has_tool_call": false, "tool_call": null, "usage": {"prompt_tokens": 107, "completion_tokens": 256, "total_tokens": 363, "token_count_source": "tokenizer"}, "decoding": {"temperature": 0.2, "top_p": null, "top_k": null, "max_tokens": 256, "seed": 42}, "prompt_tokens": 107, "completion_tokens": 256, "total_tokens": 363, "token_count_source": "tokenizer", "diffusion_steps": null, "flops_estimate": null, "flops_arch": null, "flops_model_params": null, "flops_active_params": null, "tokens_non_final": 1, "tokens_reasoning": 0, "tokens_response": 1, "elapsed_seconds": 18.254698038101196, "judgement": "Uncategorized"}
{"id": "tips_000447", "topic": "tips", "subtopic": "tips_service", "prompt": "Bill is $13.43; service fee 3% and tip 18%. About how much do you pay in total?", "exact_value": 16.32, "model": "tiiuae/Falcon-H1-7B-Instruct", "provider": "transformers", "response": "Finalютсяываютсяываютсяываютсяываютсяываютсяываютсяываютсяываютсяываютсяываютсяываютсяываютсяываютсяываютсяываютсяываютсяываютсяываютсяываютсяываютсяываютсяываютсяываютсяываютсяываютсяываютсяываютсяываютсяываютсяываютсяываютсяываютсяываютсяываютсяываютсяываютсяываютсяываютсяываютсяываютсяываютсяываютсяываютсяываютсяываютсяываютсяываютсяываютсяываютсяываютсяываютсяываютсяываютсяываютсяываютсяываютсяываютсяываютсяываютсяываютсяываютсяываютсяываютсяываютсяываютсяываютсяываютсяываютсяываютсяываютсяываютсяываютсяываютсяываютсяываютсяываютсяываютсяываютсяываютсяываютсяываютсяываютсяываютсяываютсяываютсяываютсяываютсяываютсяываютсяываютсяываютсяываютсяываютсяываютсяываютсяываютсяываютсяываютсяываютсяываютсяываютсяываютсяываютсяываютсяываютсяываютсяываютсяываютсяываютсяываютсяываютсяываютсяываютсяываютсяываютсяываютсяываютсяываютсяываютсяываютсяываютсяываютсяываютсяываютсяываютсяываютсяываютсяываютсяываютсяываютсяываютсяываютсяываютсяываютсяываютсяываютсяываютсяываютсяываютсяываютсяываютсяываютсяываютсяываютсяываютсяываютсяываютсяываютсяываютсяываютсяываютсяываютсяываютсяываютсяываютсяываютсяываютсяываютсяываютсяываютсяываютсяываютсяываютсяываютсяываютсяываютсяываютсяываютсяываютсяываютсяываютсяываютсяываютсяываютсяываютсяываютсяываютсяываютсяываютсяываютсяываютсяываютсяываютсяываютсяываютсяываютсяываютсяываютсяываютсяываютсяываютсяываютсяываютсяываютсяываютсяываютсяываютсяываютсяываютсяываютсяываютсяываютсяываютсяываютсяываютсяываютсяываютсяываютсяываютсяываютсяываютсяываютсяываютсяываютсяываютсяываютсяываютсяываютсяываютсяываютсяываютсяываютсяываютсяываютсяываютсяываютсяываютсяываютсяываютсяываютсяываютсяываютсяываютсяываютсяываютсяываютсяываютсяываютсяываютсяываютсяываютсяываютсяываютсяываютсяываютсяываютсяываютсяываютсяываютсяываютсяываютсяываютсяываютсяываются", "numeric_answer": null, "relative_error": null, "thinking_text": null, "has_tool_call": false, "tool_call": null, "usage": {"prompt_tokens": 107, "completion_tokens": 256, "total_tokens": 363, "token_count_source": "tokenizer"}, "decoding": {"temperature": 0.2, "top_p": null, "top_k": null, "max_tokens": 256, "seed": 42}, "prompt_tokens": 107, "completion_tokens": 256, "total_tokens": 363, "token_count_source": "tokenizer", "diffusion_steps": null, "flops_estimate": null, "flops_arch": null, "flops_model_params": null, "flops_active_params": null, "tokens_non_final": 1, "tokens_reasoning": 0, "tokens_response": 1, "elapsed_seconds": 18.241132736206055, "judgement": "Uncategorized"}
{"id": "tips_000467", "topic": "tips", "subtopic": "tips_service", "prompt": "Bill is $47.68; service fee 5% and tip 22%. About how much do you pay in total?", "exact_value": 61.08, "model": "tiiuae/Falcon-H1-7B-Instruct", "provider": "transformers", "response": "Finalютсяываютсяываютсяываютсяываютсяываютсяываютсяываютсяываютсяываютсяываютсяываютсяываютсяываютсяываютсяываютсяываютсяываютсяютсяываютсяываютсяываютсяываютсяываютсяываютсяываютсяываютсяываютсяываютсяываютсяываютсяываютсяываютсяываютсяываютсяываютсяываютсяываютсяываютсяываютсяываютсяываютсяываютсяываютсяываютсяываютсяываютсяываютсяываютсяываютсяываютсяываютсяываютсяываютсяываютсяываютсяываютсяываютсяываютсяываютсяываютсяываютсяываютсяываютсяываютсяываютсяываютсяываютсяываютсяываютсяываютсяываютсяываютсяываютсяываютсяываютсяываютсяываютсяываютсяываютсяываютсяываютсяываютсяываютсяываютсяываютсяываютсяываютсяываютсяываютсяываютсяываютсяываютсяываютсяываютсяываютсяываютсяываютсяываютсяываютсяываютсяываютсяываютсяываютсяываютсяываютсяываютсяываютсяываютсяываютсяываютсяываютсяываютсяываютсяываютсяываютсяываютсяываютсяываютсяываютсяываютсяываютсяываютсяываютсяываютсяываютсяываютсяываютсяываютсяываютсяываютсяываютсяываютсяываютсяываютсяываютсяываютсяываютсяываютсяываютсяываютсяываютсяываютсяываютсяываютсяываютсяываютсяываютсяываютсяываютсяываютсяываютсяываютсяываютсяываютсяываютсяываютсяываютсяываютсяываютсяываютсяываютсяываютсяываютсяываютсяываютсяываютсяываютсяываютсяываютсяываютсяываютсяываютсяываютсяываютсяываютсяываютсяываютсяываютсяываютсяываютсяываютсяываютсяываютсяываютсяываютсяываютсяываютсяываютсяываютсяываютсяываютсяываютсяываютсяываютсяываютсяываютсяываютсяываютсяываютсяываютсяываютсяываютсяываютсяываютсяываютсяываютсяываютсяываютсяываютсяываютсяываютсяываютсяываютсяываютсяываютсяываютсяываютсяываютсяываютсяываютсяываютсяываютсяываютсяываютсяываютсяываютсяываютсяываютсяываютсяываютсяываютсяываютсяываютсяываютсяываютсяываютсяываютсяываютсяываютсяываютсяываютсяываютсяываютсяываютсяываютсяываютсяываютсяываютсяываютсяываютсяываютсяываютсяываютсяываются", "numeric_answer": null, "relative_error": null, "thinking_text": null, "has_tool_call": false, "tool_call": null, "usage": {"prompt_tokens": 107, "completion_tokens": 256, "total_tokens": 363, "token_count_source": "tokenizer"}, "decoding": {"temperature": 0.2, "top_p": null, "top_k": null, "max_tokens": 256, "seed": 42}, "prompt_tokens": 107, "completion_tokens": 256, "total_tokens": 363, "token_count_source": "tokenizer", "diffusion_steps": null, "flops_estimate": null, "flops_arch": null, "flops_model_params": null, "flops_active_params": null, "tokens_non_final": 1, "tokens_reasoning": 0, "tokens_response": 1, "elapsed_seconds": 18.28227162361145, "judgement": "Uncategorized"}
{"id": "tips_000487", "topic": "tips", "subtopic": "tips_service", "prompt": "Bill is $84.77; service fee 0% and tip 22%. About how much do you pay in total?", "exact_value": 103.42, "model": "tiiuae/Falcon-H1-7B-Instruct", "provider": "transformers", "response": "Finalютсяываютсяываютсяываютсяываютсяываютсяываютсяываютсяываютсяываютсяываютсяываютсяываютсяываютсяываютсяываютсяываютсяываютсяываютсяываютсяываютсяываютсяываютсяываютсяываютсяываютсяываютсяываютсяываютсяываютсяываютсяываютсяываютсяываютсяываютсяываютсяываютсяываютсяываютсяываютсяываютсяываютсяываютсяываютсяываютсяываютсяываютсяываютсяываютсяываютсяываютсяываютсяываютсяываютсяываютсяываютсяываютсяываютсяываютсяываютсяываютсяываютсяываютсяываютсяываютсяываютсяываютсяываютсяываютсяываютсяываютсяываютсяываютсяываютсяываютсяываютсяываютсяываютсяываютсяываютсяываютсяываютсяываютсяываютсяываютсяываютсяываютсяываютсяываютсяываютсяываютсяываютсяываютсяываютсяываютсяываютсяываютсяываютсяываютсяываютсяываютсяываютсяываютсяываютсяываютсяываютсяываютсяываютсяываютсяываютсяываютсяываютсяываютсяываютсяываютсяываютсяываютсяываютсяываютсяываютсяываютсяываютсяываютсяываютсяютсяываютсяываютсяываютсяываютсяываютсяываютсяываютсяываютсяываютсяываютсяываютсяываютсяываютсяываютсяываютсяываютсяываютсяываютсяываютсяываютсяываютсяываютсяываютсяываютсяываютсяываютсяываютсяываютсяываютсяываютсяываютсяываютсяываютсяываютсяываютсяываютсяываютсяываютсяываютсяываютсяываютсяываютсяываютсяываютсяываютсяываютсяываютсяываютсяываютсяываютсяываютсяываютсяываютсяываютсяываютсяываютсяываютсяываютсяываютсяываютсяываютсяываютсяываютсяываютсяываютсяываютсяываютсяываютсяываютсяываютсяываютсяываютсяываютсяываютсяываютсяываютсяываютсяываютсяываютсяываютсяываютсяываютсяываютсяываютсяываютсяываютсяываютсяываютсяываютсяываютсяываютсяываютсяываютсяываютсяываютсяываютсяываютсяываютсяываютсяываютсяываютсяываютсяываютсяютсяываютсяываютсяываютсяываютсяываютсяываютсяываютсяываютсяываютсяываютсяываютсяываютсяываютсяываютсяываютсяываютсяываютсяываютсяываютсяываютсяываютсяываютсяываютсяываютсяываютсяываются", "numeric_answer": null, "relative_error": null, "thinking_text": null, "has_tool_call": false, "tool_call": null, "usage": {"prompt_tokens": 107, "completion_tokens": 256, "total_tokens": 363, "token_count_source": "tokenizer"}, "decoding": {"temperature": 0.2, "top_p": null, "top_k": null, "max_tokens": 256, "seed": 42}, "prompt_tokens": 107, "completion_tokens": 256, "total_tokens": 363, "token_count_source": "tokenizer", "diffusion_steps": null, "flops_estimate": null, "flops_arch": null, "flops_model_params": null, "flops_active_params": null, "tokens_non_final": 1, "tokens_reasoning": 0, "tokens_response": 1, "elapsed_seconds": 18.436245441436768, "judgement": "Uncategorized"}
{"id": "tips_000507", "topic": "tips", "subtopic": "tips_service", "prompt": "Bill is $71.65; service fee 5% and tip 22%. About how much do you pay in total?", "exact_value": 91.78, "model": "tiiuae/Falcon-H1-7B-Instruct", "provider": "transformers", "response": "Finalютсяываютсяываютсяываютсяываютсяываютсяываютсяываютсяываютсяываютсяываютсяываютсяываютсяываютсяываютсяываютсяываютсяываютсяываютсяываютсяываютсяываютсяываютсяываютсяываютсяываютсяываютсяываютсяываютсяываютсяываютсяываютсяываютсяываютсяываютсяываютсяываютсяываютсяываютсяываютсяываютсяываютсяываютсяываютсяываютсяываютсяываютсяываютсяываютсяываютсяываютсяываютсяываютсяываютсяываютсяываютсяываютсяываютсяываютсяываютсяываютсяываютсяываютсяываютсяываютсяываютсяываютсяываютсяываютсяываютсяываютсяываютсяываютсяываютсяываютсяываютсяываютсяываютсяываютсяываютсяываютсяываютсяываютсяываютсяываютсяываютсяываютсяываютсяываютсяываютсяываютсяываютсяываютсяываютсяываютсяываютсяываютсяываютсяываютсяываютсяываютсяываютсяываютсяываютсяываютсяываютсяываютсяываютсяываютсяываютсяываютсяываютсяываютсяываютсяываютсяываютсяываютсяываютсяываютсяываютсяываютсяываютсяываютсяываютсяываютсяываютсяываютсяываютсяываютсяываютсяываютсяываютсяываютсяываютсяываютсяываютсяываютсяываютсяываютсяываютсяываютсяываютсяываютсяываютсяываютсяываютсяываютсяываютсяываютсяываютсяываютсяываютсяываютсяываютсяываютсяываютсяываютсяываютсяываютсяываютсяываютсяываютсяываютсяываютсяываютсяываютсяываютсяываютсяываютсяываютсяываютсяываютсяываютсяываютсяываютсяываютсяываютсяываютсяываютсяываютсяываютсяываютсяываютсяываютсяываютсяываютсяываютсяываютсяываютсяываютсяываютсяываютсяываютсяываютсяываютсяываютсяываютсяываютсяываютсяываютсяываютсяываютсяываютсяываютсяываютсяываютсяываютсяываютсяываютсяываютсяютсяываютсяываютсяываютсяываютсяываютсяываютсяываютсяываютсяываютсяываютсяываютсяываютсяываютсяываютсяываютсяываютсяываютсяываютсяываютсяываютсяываютсяываютсяываютсяываютсяываютсяываютсяываютсяываютсяываютсяываютсяываютсяываютсяываютсяываютсяываютсяываютсяываютсяываютсяываютсяываютсяываютсяываютсяываютсяываются", "numeric_answer": null, "relative_error": null, "thinking_text": null, "has_tool_call": false, "tool_call": null, "usage": {"prompt_tokens": 107, "completion_tokens": 256, "total_tokens": 363, "token_count_source": "tokenizer"}, "decoding": {"temperature": 0.2, "top_p": null, "top_k": null, "max_tokens": 256, "seed": 42}, "prompt_tokens": 107, "completion_tokens": 256, "total_tokens": 363, "token_count_source": "tokenizer", "diffusion_steps": null, "flops_estimate": null, "flops_arch": null, "flops_model_params": null, "flops_active_params": null, "tokens_non_final": 1, "tokens_reasoning": 0, "tokens_response": 1, "elapsed_seconds": 18.177313089370728, "judgement": "Uncategorized"}
{"id": "tips_000527", "topic": "tips", "subtopic": "tips_service", "prompt": "Bill is $84.44; service fee 5% and tip 18%. About how much do you pay in total?", "exact_value": 104.62, "model": "tiiuae/Falcon-H1-7B-Instruct", "provider": "transformers", "response": "Finalютсяываютсяываютсяываютсяываютсяываютсяываютсяываютсяываютсяываютсяываютсяываютсяываютсяываютсяываютсяываютсяываютсяываютсяываютсяываютсяываютсяываютсяываютсяываютсяываютсяываютсяываютсяываютсяываютсяываютсяываютсяываютсяываютсяываютсяываютсяываютсяываютсяываютсяываютсяываютсяываютсяываютсяываютсяываютсяываютсяываютсяываютсяываютсяываютсяываютсяываютсяываютсяываютсяываютсяываютсяываютсяываютсяываютсяываютсяываютсяываютсяываютсяываютсяываютсяываютсяываютсяываютсяываютсяываютсяываютсяываютсяываютсяываютсяываютсяываютсяываютсяываютсяываютсяываютсяываютсяываютсяываютсяываютсяываютсяываютсяываютсяываютсяываютсяываютсяываютсяываютсяываютсяываютсяываютсяываютсяываютсяываютсяываютсяываютсяываютсяютсяываютсяываютсяываютсяываютсяываютсяываютсяываютсяываютсяываютсяываютсяываютсяываютсяываютсяываютсяываютсяываютсяываютсяываютсяываютсяываютсяютсяываютсяываютсяываютсяываютсяываютсяываютсяютсяываютсяываютсяываютсяываютсяываютсяываютсяываютсяютсяываютсяываютсяываютсяываютсяываютсяываютсяываютсяютсяываютсяываютсяываютсяываютсяываютсяываютсяываютсяютсяываютсяываютсяываютсяываютсяываютсяютсяываютсяываютсяываютсяываютсяываютсяываютсяютсяываютсяываютсяываютсяютсяываютсяываютсяываютсяываютсяываютсяываютсяываютсяютсяываютсяываютсяываютсяываютсяываютсяываютсяютсяываютсяываютсяываютсяываютсяываютсяываютсяютсяываютсяываютсяываютсяываютсяываютсяываютсяываютсяютсяываютсяываютсяываютсяываютсяываютсяываютсяютсяываютсяываютсяываютсяываютсяываютсяываютсяютсяываютсяываютсяываютсяываютсяываютсяываютсяютсяываютсяываютсяываютсяываютсяываютсяываютсяютсяываютсяываютсяываютсяютсяываютсяываютсяываютсяютсяываютсяываютсяываютсяываютсяываютсяываютсяютсяываютсяываютсяываютсяываютсяываютсяываютсяютсяываютсяываютсяываютсяываютсяываются", "numeric_answer": null, "relative_error": null, "thinking_text": null, "has_tool_call": false, "tool_call": null, "usage": {"prompt_tokens": 107, "completion_tokens": 256, "total_tokens": 363, "token_count_source": "tokenizer"}, "decoding": {"temperature": 0.2, "top_p": null, "top_k": null, "max_tokens": 256, "seed": 42}, "prompt_tokens": 107, "completion_tokens": 256, "total_tokens": 363, "token_count_source": "tokenizer", "diffusion_steps": null, "flops_estimate": null, "flops_arch": null, "flops_model_params": null, "flops_active_params": null, "tokens_non_final": 1, "tokens_reasoning": 0, "tokens_response": 1, "elapsed_seconds": 18.157373666763306, "judgement": "Uncategorized"}
{"id": "tips_000547", "topic": "tips", "subtopic": "tips_service", "prompt": "Bill is $32.84; service fee 0% and tip 18%. About how much do you pay in total?", "exact_value": 38.75, "model": "tiiuae/Falcon-H1-7B-Instruct", "provider": "transformers", "response": "Finalютсяываютсяываютсяываютсяываютсяываютсяываютсяываютсяываютсяываютсяываютсяываютсяываютсяываютсяываютсяываютсяываютсяываютсяываютсяываютсяываютсяываютсяываютсяываютсяываютсяываютсяываютсяываютсяываютсяываютсяываютсяываютсяываютсяываютсяываютсяываютсяываютсяываютсяываютсяываютсяываютсяываютсяываютсяываютсяываютсяываютсяываютсяываютсяываютсяываютсяываютсяываютсяываютсяываютсяываютсяываютсяываютсяываютсяываютсяываютсяываютсяываютсяываютсяываютсяываютсяываютсяываютсяываютсяываютсяываютсяываютсяываютсяываютсяываютсяываютсяываютсяываютсяываютсяываютсяываютсяываютсяываютсяываютсяываютсяываютсяываютсяываютсяываютсяываютсяываютсяываютсяываютсяываютсяываютсяываютсяываютсяываютсяываютсяываютсяываютсяываютсяываютсяываютсяываютсяываютсяываютсяываютсяываютсяываютсяываютсяываютсяываютсяываютсяываютсяываютсяываютсяываютсяываютсяываютсяываютсяываютсяываютсяываютсяютсяываютсяываютсяываютсяываютсяываютсяываютсяываютсяываютсяываютсяываютсяываютсяываютсяываютсяываютсяываютсяываютсяываютсяываютсяываютсяываютсяываютсяываютсяываютсяываютсяываютсяываютсяываютсяываютсяываютсяываютсяываютсяываютсяываютсяываютсяываютсяываютсяываютсяываютсяываютсяываютсяываютсяываютсяываютсяываютсяываютсяютсяываютсяываютсяываютсяываютсяываютсяываютсяываютсяываютсяютсяываютсяываютсяываютсяываютсяываютсяываютсяютсяываютсяываютсяываютсяываютсяываютсяываютсяютсяываютсяываютсяываютсяываютсяываютсяываютсяютсяываютсяываютсяываютсяываютсяываютсяываютсяютсяываютсяываютсяываютсяываютсяываютсяываютсяютсяываютсяываютсяываютсяываютсяываютсяываютсяютсяываютсяываютсяываютсяываютсяываютсяываютсяютсяываютсяываютсяываютсяываютсяываютсяываютсяютсяываютсяываютсяываютсяютсяываютсяываютсяываютсяываютсяываютсяываютсяютсяываютсяываютсяываютсяываютсяываютсяываютсяютсяываютсяываются", "numeric_answer": null, "relative_error": null, "thinking_text": null, "has_tool_call": false, "tool_call": null, "usage": {"prompt_tokens": 107, "completion_tokens": 256, "total_tokens": 363, "token_count_source": "tokenizer"}, "decoding": {"temperature": 0.2, "top_p": null, "top_k": null, "max_tokens": 256, "seed": 42}, "prompt_tokens": 107, "completion_tokens": 256, "total_tokens": 363, "token_count_source": "tokenizer", "diffusion_steps": null, "flops_estimate": null, "flops_arch": null, "flops_model_params": null, "flops_active_params": null, "tokens_non_final": 1, "tokens_reasoning": 0, "tokens_response": 1, "elapsed_seconds": 18.409619569778442, "judgement": "Uncategorized"}
{"id": "tips_000567", "topic": "tips", "subtopic": "tips_service", "prompt": "Bill is $102.88; service fee 3% and tip 20%. About how much do you pay in total?", "exact_value": 127.16, "model": "tiiuae/Falcon-H1-7B-Instruct", "provider": "transformers", "response": "Finalютсяываютсяываютсяываютсяываютсяываютсяываютсяываютсяываютсяываютсяываютсяываютсяываютсяываютсяываютсяываютсяываютсяываютсяываютсяываютсяываютсяываютсяываютсяываютсяываютсяываютсяываютсяываютсяываютсяываютсяываютсяываютсяываютсяываютсяываютсяываютсяываютсяываютсяываютсяываютсяываютсяываютсяываютсяываютсяываютсяываютсяываютсяываютсяываютсяываютсяываютсяываютсяываютсяываютсяываютсяываютсяываютсяываютсяываютсяываютсяываютсяываютсяываютсяываютсяываютсяываютсяываютсяываютсяываютсяываютсяываютсяываютсяываютсяываютсяываютсяываютсяываютсяываютсяываютсяываютсяываютсяываютсяываютсяываютсяываютсяываютсяываютсяываютсяываютсяываютсяываютсяываютсяываютсяываютсяываютсяываютсяываютсяываютсяываютсяываютсяываютсяываютсяываютсяываютсяываютсяываютсяываютсяываютсяываютсяываютсяываютсяываютсяываютсяываютсяываютсяываютсяываютсяываютсяываютсяываютсяываютсяываютсяываютсяываютсяютсяываютсяываютсяываютсяываютсяываютсяываютсяываютсяываютсяываютсяываютсяываютсяываютсяываютсяываютсяываютсяываютсяываютсяываютсяываютсяываютсяываютсяываютсяываютсяываютсяываютсяываютсяываютсяываютсяываютсяываютсяываютсяываютсяываютсяываютсяываютсяываютсяываютсяываютсяываютсяываютсяываютсяываютсяываютсяываютсяываютсяываютсяываютсяываютсяываютсяываютсяываютсяываютсяываютсяываютсяываютсяываютсяываютсяываютсяываютсяываютсяываютсяываютсяютсяываютсяываютсяываютсяываютсяываютсяываютсяютсяываютсяываютсяываютсяываютсяываютсяываютсяютсяываютсяываютсяываютсяываютсяываютсяываютсяютсяываютсяываютсяываютсяываютсяываютсяываютсяютсяываютсяываютсяываютсяываютсяываютсяываютсяютсяываютсяываютсяываютсяываютсяываютсяываютсяютсяываютсяываютсяываютсяываютсяываютсяываютсяютсяываютсяываютсяываютсяываютсяываютсяываютсяютсяываютсяываютсяываютсяываютсяываютсяываютсяютсяываютсяываютсяываютсяываются", "numeric_answer": null, "relative_error": null, "thinking_text": null, "has_tool_call": false, "tool_call": null, "usage": {"prompt_tokens": 108, "completion_tokens": 256, "total_tokens": 364, "token_count_source": "tokenizer"}, "decoding": {"temperature": 0.2, "top_p": null, "top_k": null, "max_tokens": 256, "seed": 42}, "prompt_tokens": 108, "completion_tokens": 256, "total_tokens": 364, "token_count_source": "tokenizer", "diffusion_steps": null, "flops_estimate": null, "flops_arch": null, "flops_model_params": null, "flops_active_params": null, "tokens_non_final": 1, "tokens_reasoning": 0, "tokens_response": 1, "elapsed_seconds": 18.332097053527832, "judgement": "Uncategorized"}
{"id": "tips_000587", "topic": "tips", "subtopic": "tips_service", "prompt": "Bill is $100.09; service fee 0% and tip 18%. About how much do you pay in total?", "exact_value": 118.11, "model": "tiiuae/Falcon-H1-7B-Instruct", "provider": "transformers", "response": "Finalютсяываютсяываютсяываютсяываютсяываютсяываютсяываютсяываютсяываютсяываютсяываютсяываютсяываютсяываютсяываютсяываютсяываютсяютсяываютсяываютсяываютсяываютсяываютсяываютсяываютсяываютсяываютсяываютсяываютсяываютсяываютсяываютсяываютсяываютсяываютсяываютсяываютсяываютсяываютсяываютсяываютсяываютсяываютсяываютсяываютсяываютсяываютсяываютсяываютсяываютсяываютсяываютсяываютсяываютсяываютсяываютсяываютсяываютсяываютсяываютсяываютсяываютсяываютсяываютсяываютсяываютсяываютсяываютсяываютсяываютсяываютсяываютсяываютсяываютсяютсяываютсяютсяываютсяываютсяываютсяываютсяываютсяываютсяываютсяываютсяываютсяываютсяываютсяываютсяываютсяываютсяываютсяываютсяываютсяываютсяываютсяываютсяываютсяываютсяываютсяываютсяываютсяываютсяываютсяываютсяываютсяываютсяютсяываютсяываютсяываютсяываютсяываютсяываютсяютсяываютсяываютсяываютсяываютсяываютсяываютсяываютсяютсяываютсяютсяываютсяываютсяываютсяываютсяываютсяываютсяютсяываютсяютсяываютсяываютсяютсяываютсяютсяываютсяютсяываютсяютсяываютсяютсяываютсяываютсяываютсяываютсяываютсяываютсяываютсяютсяываютсяютсяываютсяютсяываютсяютсяываютсяютсяываютсяютсяываютсяютсяываютсяываютсяютсяываютсяютсяываютсяываютсяютсяываютсяютсяываютсяютсяываютсяютсяываютсяютсяываютсяютсяываютсяютсяываютсяютсяываютсяютсяываютсяютсяываютсяываютсяютсяываютсяютсяываютсяютсяываютсяютсяываютсяютсяываютсяываютсяютсяываютсяютсяываютсяываютсяютсяываютсяютсяываютсяываютсяютсяываютсяютсяываютсяютсяываютсяютсяываютсяютсяываютсяываютсяютсяываютсяютсяываютсяываютсяютсяываютсяютсяываютсяютсяываютсяютсяываютсяютсяываютсяываютсяютсяываютсяютсяываютсяютсяываютсяютсяываютсяютсяываютсяываютсяютсяываются", "numeric_answer": null, "relative_error": null, "thinking_text": null, "has_tool_call": false, "tool_call": null, "usage": {"prompt_tokens": 108, "completion_tokens": 256, "total_tokens": 364, "token_count_source": "tokenizer"}, "decoding": {"temperature": 0.2, "top_p": null, "top_k": null, "max_tokens": 256, "seed": 42}, "prompt_tokens": 108, "completion_tokens": 256, "total_tokens": 364, "token_count_source": "tokenizer", "diffusion_steps": null, "flops_estimate": null, "flops_arch": null, "flops_model_params": null, "flops_active_params": null, "tokens_non_final": 1, "tokens_reasoning": 0, "tokens_response": 1, "elapsed_seconds": 18.335134744644165, "judgement": "Uncategorized"}
{"id": "tips_000607", "topic": "tips", "subtopic": "tips_service", "prompt": "Bill is $35.03; service fee 0% and tip 18%. About how much do you pay in total?", "exact_value": 41.34, "model": "tiiuae/Falcon-H1-7B-Instruct", "provider": "transformers", "response": "Finalютсяываютсяываютсяываютсяываютсяываютсяываютсяываютсяываютсяываютсяываютсяываютсяываютсяываютсяываютсяываютсяываютсяываютсяываютсяываютсяываютсяываютсяываютсяываютсяываютсяываютсяываютсяываютсяываютсяываютсяываютсяываютсяываютсяываютсяываютсяываютсяываютсяываютсяываютсяываютсяываютсяываютсяываютсяываютсяываютсяываютсяываютсяываютсяываютсяываютсяываютсяываютсяываютсяываютсяываютсяываютсяываютсяываютсяываютсяываютсяываютсяываютсяываютсяываютсяываютсяываютсяываютсяываютсяываютсяываютсяываютсяываютсяываютсяываютсяываютсяываютсяываютсяываютсяываютсяываютсяываютсяываютсяываютсяываютсяываютсяываютсяываютсяываютсяываютсяываютсяываютсяываютсяываютсяываютсяываютсяываютсяываютсяываютсяываютсяываютсяываютсяываютсяываютсяываютсяываютсяываютсяываютсяываютсяываютсяываютсяываютсяываютсяываютсяываютсяываютсяываютсяываютсяываютсяываютсяываютсяываютсяываютсяываютсяываютсяываютсяываютсяываютсяываютсяываютсяываютсяываютсяываютсяываютсяываютсяываютсяываютсяываютсяываютсяываютсяываютсяываютсяываютсяываютсяываютсяываютсяываютсяываютсяываютсяываютсяываютсяываютсяываютсяываютсяываютсяываютсяываютсяываютсяываютсяываютсяываютсяываютсяываютсяываютсяываютсяываютсяываютсяываютсяываютсяываютсяываютсяываютсяываютсяываютсяываютсяываютсяываютсяываютсяываютсяываютсяываютсяываютсяываютсяываютсяываютсяываютсяываютсяываютсяываютсяываютсяываютсяываютсяываютсяываютсяываютсяываютсяываютсяываютсяываютсяываютсяываютсяываютсяываютсяываютсяываютсяываютсяываютсяываютсяываютсяываютсяываютсяываютсяываютсяываютсяываютсяываютсяываютсяываютсяываютсяываютсяываютсяываютсяываютсяываютсяываютсяываютсяютсяываютсяываютсяываютсяываютсяываютсяываютсяываютсяываютсяываютсяываютсяываютсяываютсяываютсяываютсяываютсяываютсяываютсяываютсяываютсяываютсяываютсяываютсяываютсяываютсяываютсяываютсяываютсяываютсяываются", "numeric_answer": null, "relative_error": null, "thinking_text": null, "has_tool_call": false, "tool_call": null, "usage": {"prompt_tokens": 107, "completion_tokens": 256, "total_tokens": 363, "token_count_source": "tokenizer"}, "decoding": {"temperature": 0.2, "top_p": null, "top_k": null, "max_tokens": 256, "seed": 42}, "prompt_tokens": 107, "completion_tokens": 256, "total_tokens": 363, "token_count_source": "tokenizer", "diffusion_steps": null, "flops_estimate": null, "flops_arch": null, "flops_model_params": null, "flops_active_params": null, "tokens_non_final": 1, "tokens_reasoning": 0, "tokens_response": 1, "elapsed_seconds": 18.559370279312134, "judgement": "Uncategorized"}
{"id": "tips_000627", "topic": "tips", "subtopic": "tips_service", "prompt": "Bill is $17.92; service fee 0% and tip 20%. About how much do you pay in total?", "exact_value": 21.5, "model": "tiiuae/Falcon-H1-7B-Instruct", "provider": "transformers", "response": "Finalютсяываютсяываютсяываютсяываютсяываютсяываютсяываютсяываютсяываютсяываютсяываютсяываютсяываютсяываютсяываютсяываютсяываютсяютсяываютсяываютсяываютсяываютсяываютсяываютсяываютсяываютсяываютсяываютсяываютсяываютсяываютсяываютсяываютсяываютсяываютсяываютсяываютсяываютсяываютсяываютсяываютсяываютсяываютсяываютсяываютсяываютсяываютсяываютсяываютсяываютсяываютсяываютсяываютсяываютсяываютсяываютсяываютсяываютсяываютсяываютсяываютсяываютсяываютсяываютсяываютсяываютсяываютсяываютсяываютсяываютсяываютсяываютсяываютсяываютсяываютсяываютсяываютсяываютсяываютсяываютсяываютсяываютсяываютсяываютсяываютсяываютсяываютсяываютсяываютсяываютсяываютсяываютсяываютсяываютсяываютсяываютсяываютсяываютсяываютсяываютсяываютсяываютсяываютсяываютсяываютсяываютсяываютсяываютсяываютсяываютсяываютсяываютсяываютсяываютсяываютсяываютсяываютсяываютсяываютсяываютсяываютсяываютсяываютсяываютсяываютсяываютсяываютсяываютсяываютсяываютсяываютсяываютсяываютсяываютсяываютсяываютсяываютсяываютсяываютсяываютсяываютсяываютсяываютсяываютсяываютсяываютсяываютсяываютсяываютсяываютсяываютсяываютсяываютсяываютсяываютсяываютсяываютсяываютсяываютсяываютсяываютсяываютсяываютсяываютсяываютсяываютсяываютсяываютсяываютсяываютсяываютсяываютсяываютсяываютсяываютсяываютсяываютсяываютсяываютсяываютсяываютсяываютсяываютсяываютсяываютсяываютсяываютсяываютсяываютсяываютсяываютсяываютсяываютсяываютсяываютсяываютсяываютсяываютсяываютсяываютсяываютсяываютсяываютсяываютсяываютсяываютсяываютсяываютсяываютсяываютсяываютсяываютсяываютсяываютсяываютсяываютсяываютсяываютсяываютсяываютсяываютсяываютсяываютсяываютсяютсяываютсяываютсяываютсяываютсяываютсяываютсяываютсяываютсяываютсяываютсяываютсяываютсяываютсяываютсяываютсяываютсяываютсяываютсяываютсяываютсяываютсяываютсяываютсяываютсяываютсяываютсяываютсяываютсяываются", "numeric_answer": null, "relative_error": null, "thinking_text": null, "has_tool_call": false, "tool_call": null, "usage": {"prompt_tokens": 107, "completion_tokens": 256, "total_tokens": 363, "token_count_source": "tokenizer"}, "decoding": {"temperature": 0.2, "top_p": null, "top_k": null, "max_tokens": 256, "seed": 42}, "prompt_tokens": 107, "completion_tokens": 256, "total_tokens": 363, "token_count_source": "tokenizer", "diffusion_steps": null, "flops_estimate": null, "flops_arch": null, "flops_model_params": null, "flops_active_params": null, "tokens_non_final": 1, "tokens_reasoning": 0, "tokens_response": 1, "elapsed_seconds": 18.427971839904785, "judgement": "Uncategorized"}
{"id": "tips_000647", "topic": "tips", "subtopic": "tips_service", "prompt": "Bill is $72.20; service fee 0% and tip 18%. About how much do you pay in total?", "exact_value": 85.2, "model": "tiiuae/Falcon-H1-7B-Instruct", "provider": "transformers", "response": "Finalются примерно путем расчета полной суммы путем прибавления к стоимости заказа стоимости чаевых согласно проценту чаевых относительно стоимости заказа без учета какихлибо дополнительных процентов за услуги или других изменений стоимости заказаются примерно путем расчета полной суммы путем прибавления стоимости чаевых согласно проценту чаевых относительно стоимости заказа без учета какихлибо дополнительных процентов за услуги или других изменений стоимости заказаются примерно путем расчета полной суммы путем прибавления стоимости чаевых согласно проценту чаевых относительно стоимости заказаываются примерно путем расчета полной суммы путем прибавления стоимости чаевых согласно проценту чаевых относительно стоимости заказаываются примерно путем расчета полной суммы путем прибавления стоимости чаевых согласно проценту чаевых относительно стоимости заказаываются примерно путем расчета полной суммы путем прибавления стоимости чаевых согласно проценту чаевых относительно стоимости заказаываются примерно путем расчета полной суммы путем прибавления стоимости чаевых согласно проценту чаевых относительно стоимости заказаываются примерно путем расчета полной суммы путем прибавления стоимости чаевых согласно проценту чаевых относительно стоимости заказаываются примерно путем расчета полной суммы путем прибавления стоимости чаевых согласно проценту чаевых относительно стоимости заказаываются примерно путем расчета полной суммы путем прибавления стоимости", "numeric_answer": null, "relative_error": null, "thinking_text": null, "has_tool_call": false, "tool_call": null, "usage": {"prompt_tokens": 107, "completion_tokens": 256, "total_tokens": 363, "token_count_source": "tokenizer"}, "decoding": {"temperature": 0.2, "top_p": null, "top_k": null, "max_tokens": 256, "seed": 42}, "prompt_tokens": 107, "completion_tokens": 256, "total_tokens": 363, "token_count_source": "tokenizer", "diffusion_steps": null, "flops_estimate": null, "flops_arch": null, "flops_model_params": null, "flops_active_params": null, "tokens_non_final": 171, "tokens_reasoning": 0, "tokens_response": 171, "elapsed_seconds": 18.703291654586792, "judgement": "Uncategorized"}
{"id": "tips_000667", "topic": "tips", "subtopic": "tips_service", "prompt": "Bill is $28.54; service fee 5% and tip 15%. About how much do you pay in total?", "exact_value": 34.46, "model": "tiiuae/Falcon-H1-7B-Instruct", "provider": "transformers", "response": "Finalютсяываютсяываютсяываютсяываютсяываютсяываютсяываютсяываютсяываютсяываютсяываютсяываютсяываютсяываютсяываютсяываютсяываютсяываютсяываютсяываютсяываютсяываютсяываютсяываютсяываютсяываютсяываютсяываютсяываютсяываютсяываютсяываютсяываютсяываютсяываютсяываютсяываютсяываютсяываютсяываютсяываютсяываютсяываютсяываютсяываютсяываютсяываютсяываютсяываютсяываютсяываютсяываютсяываютсяываютсяываютсяываютсяываютсяываютсяываютсяываютсяываютсяываютсяываютсяываютсяываютсяываютсяываютсяываютсяываютсяываютсяываютсяываютсяываютсяываютсяываютсяываютсяываютсяываютсяываютсяываютсяываютсяываютсяываютсяываютсяываютсяываютсяываютсяываютсяываютсяываютсяываютсяываютсяываютсяываютсяываютсяываютсяываютсяываютсяываютсяываютсяываютсяываютсяываютсяываютсяываютсяываютсяываютсяываютсяываютсяываютсяываютсяываютсяываютсяываютсяываютсяываютсяываютсяываютсяываютсяываютсяываютсяываютсяываютсяываютсяываютсяываютсяываютсяываютсяываютсяываютсяываютсяываютсяываютсяываютсяываютсяываютсяываютсяываютсяываютсяываютсяываютсяываютсяютсяываютсяываютсяываютсяываютсяываютсяываютсяываютсяываютсяываютсяываютсяываютсяываютсяываютсяываютсяываютсяываютсяываютсяываютсяываютсяываютсяываютсяываютсяываютсяываютсяываютсяываютсяываютсяываютсяываютсяываютсяываютсяываютсяываютсяываютсяываютсяываютсяываютсяываютсяываютсяываютсяываютсяываютсяываютсяываютсяываютсяываютсяываютсяываютсяываютсяываютсяываютсяываютсяываютсяываютсяываютсяываютсяываютсяываютсяываютсяываютсяываютсяываютсяываютсяываютсяываютсяываютсяываютсяываютсяываютсяываютсяываютсяываютсяываютсяываютсяываютсяываютсяываютсяываютсяываютсяываютсяываютсяываютсяываютсяываютсяываютсяываютсяываютсяютсяываютсяываютсяываютсяываютсяываютсяываютсяываютсяываютсяываютсяываютсяываютсяываютсяываютсяываютсяываютсяываютсяываютсяываютсяываютсяываютсяываютсяываютсяываются", "numeric_answer": null, "relative_error": null, "thinking_text": null, "has_tool_call": false, "tool_call": null, "usage": {"prompt_tokens": 107, "completion_tokens": 256, "total_tokens": 363, "token_count_source": "tokenizer"}, "decoding": {"temperature": 0.2, "top_p": null, "top_k": null, "max_tokens": 256, "seed": 42}, "prompt_tokens": 107, "completion_tokens": 256, "total_tokens": 363, "token_count_source": "tokenizer", "diffusion_steps": null, "flops_estimate": null, "flops_arch": null, "flops_model_params": null, "flops_active_params": null, "tokens_non_final": 1, "tokens_reasoning": 0, "tokens_response": 1, "elapsed_seconds": 18.36484169960022, "judgement": "Uncategorized"}
{"id": "tips_000687", "topic": "tips", "subtopic": "tips_service", "prompt": "Bill is $24.54; service fee 0% and tip 20%. About how much do you pay in total?", "exact_value": 29.45, "model": "tiiuae/Falcon-H1-7B-Instruct", "provider": "transformers", "response": "Finalютсяываютсяываютсяываютсяываютсяываютсяываютсяываютсяываютсяываютсяываютсяываютсяываютсяываютсяываютсяываютсяываютсяываютсяываютсяываютсяываютсяываютсяываютсяываютсяываютсяываютсяываютсяываютсяываютсяываютсяываютсяываютсяываютсяываютсяываютсяываютсяываютсяываютсяываютсяываютсяываютсяываютсяываютсяываютсяываютсяываютсяываютсяываютсяываютсяываютсяываютсяываютсяываютсяываютсяываютсяываютсяываютсяываютсяываютсяываютсяываютсяываютсяываютсяываютсяываютсяываютсяываютсяываютсяываютсяываютсяываютсяываютсяываютсяываютсяываютсяываютсяываютсяываютсяываютсяываютсяываютсяываютсяываютсяываютсяываютсяываютсяываютсяываютсяываютсяываютсяываютсяываютсяываютсяываютсяываютсяываютсяываютсяываютсяываютсяываютсяываютсяываютсяываютсяываютсяываютсяываютсяываютсяываютсяываютсяываютсяываютсяываютсяываютсяываютсяываютсяываютсяываютсяываютсяываютсяываютсяываютсяываютсяютсяываютсяываютсяываютсяываютсяываютсяываютсяываютсяываютсяываютсяываютсяываютсяываютсяываютсяываютсяываютсяываютсяываютсяываютсяываютсяываютсяываютсяываютсяываютсяываютсяываютсяываютсяываютсяываютсяываютсяываютсяываютсяываютсяываютсяываютсяываютсяываютсяываютсяываютсяываютсяываютсяываютсяываютсяываютсяываютсяываютсяываютсяываютсяываютсяываютсяываютсяываютсяываютсяываютсяываютсяываютсяываютсяютсяываютсяываютсяываютсяываютсяываютсяываютсяываютсяываютсяываютсяываютсяываютсяываютсяываютсяываютсяываютсяываютсяываютсяываютсяываютсяываютсяываютсяываютсяываютсяываютсяываютсяываютсяываютсяютсяываютсяываютсяываютсяываютсяываютсяываютсяютсяываютсяываютсяываютсяываютсяываютсяываютсяютсяываютсяываютсяываютсяываютсяываютсяываютсяютсяываютсяываютсяываютсяываютсяываютсяываютсяютсяываютсяываютсяываютсяываютсяываютсяываютсяютсяываютсяываютсяываютсяываютсяываютсяываютсяютсяываютсяываютсяываютсяываютсяываются", "numeric_answer": null, "relative_error": null, "thinking_text": null, "has_tool_call": false, "tool_call": null, "usage": {"prompt_tokens": 107, "completion_tokens": 256, "total_tokens": 363, "token_count_source": "tokenizer"}, "decoding": {"temperature": 0.2, "top_p": null, "top_k": null, "max_tokens": 256, "seed": 42}, "prompt_tokens": 107, "completion_tokens": 256, "total_tokens": 363, "token_count_source": "tokenizer", "diffusion_steps": null, "flops_estimate": null, "flops_arch": null, "flops_model_params": null, "flops_active_params": null, "tokens_non_final": 1, "tokens_reasoning": 0, "tokens_response": 1, "elapsed_seconds": 18.527111053466797, "judgement": "Uncategorized"}
{"id": "tips_000707", "topic": "tips", "subtopic": "tips_service", "prompt": "Bill is $115.78; service fee 0% and tip 15%. About how much do you pay in total?", "exact_value": 133.15, "model": "tiiuae/Falcon-H1-7B-Instruct", "provider": "transformers", "response": "Finalются примерно путем расчета общей суммы с учетом стоимости счета и процентов за чаевыеываются примерно путем расчета общей суммы с учетом стоимости счета и процентов за чаевыеются примерно путем расчета общей суммы путем прибавления процентов за чаевыеываются примерно путем прибавления процентов за чаевыеываются примерно путем прибавления процентов к стоимости счета согласно проценту чаевыхываются примерно путем прибавления процентов к стоимости счета согласно проценту чаевыхываются примерно путем прибавления процентов к стоимости счета согласно проценту чаевыхываются примерно путем прибавления процентов к стоимости счета согласно проценту чаевыхываются примерно путем прибавления процентов к стоимости счета согласно проценту чаевыхываются примерно путем прибавления процентов к стоимости счета согласно проценту чаевыхываются примерно путем прибавления процентов к стоимости счета согласно проценту чаевыхываются примерно путем прибавления процентов к стоимости счета согласно проценту чаевыхываются примерно путем прибавления процентов к стоимости счета согласно проценту чаевыхываются примерно путем прибавления процентов к стоимости счета согласно проценту чаевыхываются примерно путем прибавления процентов к стоимости счета согласно проценту чаевыхываются примерно путем прибавления процентов к стоимости счета согласно проценту чаевыхываются примерно путем приб", "numeric_answer": null, "relative_error": null, "thinking_text": null, "has_tool_call": false, "tool_call": null, "usage": {"prompt_tokens": 108, "completion_tokens": 256, "total_tokens": 364, "token_count_source": "tokenizer"}, "decoding": {"temperature": 0.2, "top_p": null, "top_k": null, "max_tokens": 256, "seed": 42}, "prompt_tokens": 108, "completion_tokens": 256, "total_tokens": 364, "token_count_source": "tokenizer", "diffusion_steps": null, "flops_estimate": null, "flops_arch": null, "flops_model_params": null, "flops_active_params": null, "tokens_non_final": 166, "tokens_reasoning": 0, "tokens_response": 166, "elapsed_seconds": 18.296467304229736, "judgement": "Uncategorized"}
{"id": "tips_000727", "topic": "tips", "subtopic": "tips_service", "prompt": "Bill is $100.10; service fee 0% and tip 18%. About how much do you pay in total?", "exact_value": 118.12, "model": "tiiuae/Falcon-H1-7B-Instruct", "provider": "transformers", "response": "Finalютсяываютсяываютсяываютсяываютсяываютсяываютсяываютсяываютсяываютсяываютсяываютсяываютсяываютсяываютсяываютсяываютсяываютсяываютсяываютсяываютсяываютсяываютсяываютсяываютсяываютсяываютсяываютсяываютсяываютсяываютсяываютсяываютсяываютсяываютсяываютсяываютсяываютсяываютсяываютсяываютсяываютсяываютсяываютсяываютсяываютсяываютсяываютсяываютсяываютсяываютсяываютсяываютсяываютсяываютсяываютсяываютсяываютсяываютсяываютсяываютсяываютсяываютсяываютсяываютсяываютсяываютсяываютсяываютсяываютсяываютсяываютсяываютсяываютсяываютсяываютсяываютсяываютсяываютсяываютсяываютсяываютсяываютсяываютсяываютсяываютсяютсяываютсяываютсяываютсяываютсяываютсяываютсяываютсяываютсяываютсяываютсяываютсяываютсяываютсяываютсяываютсяываютсяываютсяываютсяываютсяютсяываютсяываютсяываютсяываютсяываютсяываютсяываютсяютсяываютсяываютсяываютсяываютсяываютсяываютсяютсяываютсяютсяываютсяываютсяываютсяываютсяываютсяываютсяютсяываютсяываютсяываютсяываютсяываютсяываютсяываютсяютсяываютсяываютсяываютсяываютсяываютсяютсяываютсяываютсяываютсяываютсяываютсяываютсяютсяываютсяютсяываютсяываютсяываютсяываютсяываютсяываютсяютсяываютсяываютсяываютсяываютсяываютсяываютсяютсяываютсяываютсяываютсяываютсяываютсяываютсяютсяываютсяываютсяываютсяываютсяываютсяываютсяютсяываютсяываютсяываютсяываютсяываютсяываютсяютсяываютсяютсяываютсяываютсяываютсяываютсяываютсяываютсяютсяываютсяываютсяываютсяываютсяываютсяываютсяютсяываютсяютсяываютсяываютсяываютсяютсяываютсяываютсяываютсяываютсяываютсяываютсяютсяываютсяютсяываютсяываютсяываютсяываютсяываютсяываютсяютсяываютсяютсяываютсяываютсяываютсяываютсяываютсяываютсяютсяываютсяютсяываютсяываютсяываютсяываютсяываютсяываютсяютсяываютсяютсяываютсяываютсяываютсяываютсяываютсяываютсяютсяываются", "numeric_answer": null, "relative_error": null, "thinking_text": null, "has_tool_call": false, "tool_call": null, "usage": {"prompt_tokens": 108, "completion_tokens": 256, "total_tokens": 364, "token_count_source": "tokenizer"}, "decoding": {"temperature": 0.2, "top_p": null, "top_k": null, "max_tokens": 256, "seed": 42}, "prompt_tokens": 108, "completion_tokens": 256, "total_tokens": 364, "token_count_source": "tokenizer", "diffusion_steps": null, "flops_estimate": null, "flops_arch": null, "flops_model_params": null, "flops_active_params": null, "tokens_non_final": 1, "tokens_reasoning": 0, "tokens_response": 1, "elapsed_seconds": 18.249693632125854, "judgement": "Uncategorized"}
{"id": "tips_000747", "topic": "tips", "subtopic": "tips_service", "prompt": "Bill is $119.18; service fee 0% and tip 15%. About how much do you pay in total?", "exact_value": 137.06, "model": "tiiuae/Falcon-H1-7B-Instruct", "provider": "transformers", "response": "Finalются примерно путем расчета общей суммы платежа путем прибавления к стоимости счета стоимости чаевых согласно проценту чаевых относительно стоимости счета без учета стоимости сбора за предоставляемые услугиываются путем прибавления к стоимости счета стоимости чаевых согласно проценту чаевых относительно стоимости счета без учета стоимости сбора за предоставляемые услугиываются путем прибавления к стоимости счета стоимости чаевых согласно проценту чаевых относительно стоимости счета без учета стоимости сбора за предоставляемые услугиываются путем прибавления к стоимости счета стоимости чаевых согласно проценту чаевых относительно стоимости счета без учета стоимости сбора за предоставляемые услугиываются путем прибавления к стоимости счета стоимости чаевых согласно проценту чаевых относительно стоимости счета без учета стоимости сбора за предоставляемые услугиываются путем прибавления к стоимости счета стоимости чаевых согласно проценту чаевых относительно стоимости счета без учета стоимости сбораются путем прибавления к стоимости счета стоимости чаевых согласно проценту чаевых относительно стоимости счета без учета стоимости сбораются путем прибавления к стоимости счета стоимости чаевых согласно проценту чаевых относительно стоимости счета без учета стоимости сбораываются путем прибавления к", "numeric_answer": null, "relative_error": null, "thinking_text": null, "has_tool_call": false, "tool_call": null, "usage": {"prompt_tokens": 108, "completion_tokens": 256, "total_tokens": 364, "token_count_source": "tokenizer"}, "decoding": {"temperature": 0.2, "top_p": null, "top_k": null, "max_tokens": 256, "seed": 42}, "prompt_tokens": 108, "completion_tokens": 256, "total_tokens": 364, "token_count_source": "tokenizer", "diffusion_steps": null, "flops_estimate": null, "flops_arch": null, "flops_model_params": null, "flops_active_params": null, "tokens_non_final": 161, "tokens_reasoning": 0, "tokens_response": 161, "elapsed_seconds": 18.55908489227295, "judgement": "Uncategorized"}
{"id": "tips_000767", "topic": "tips", "subtopic": "tips_service", "prompt": "Bill is $12.91; service fee 3% and tip 18%. About how much do you pay in total?", "exact_value": 15.69, "model": "tiiuae/Falcon-H1-7B-Instruct", "provider": "transformers", "response": "Finalютсяываютсяываютсяываютсяываютсяываютсяываютсяываютсяываютсяываютсяываютсяываютсяываютсяываютсяываютсяываютсяываютсяываютсяываютсяываютсяываютсяываютсяываютсяываютсяываютсяываютсяываютсяываютсяываютсяываютсяываютсяываютсяываютсяываютсяываютсяываютсяываютсяываютсяываютсяываютсяываютсяываютсяываютсяываютсяываютсяываютсяываютсяываютсяываютсяываютсяываютсяываютсяываютсяываютсяываютсяываютсяываютсяываютсяываютсяываютсяываютсяываютсяываютсяываютсяываютсяываютсяываютсяываютсяываютсяываютсяываютсяываютсяываютсяываютсяываютсяываютсяываютсяываютсяываютсяываютсяываютсяываютсяываютсяываютсяываютсяываютсяываютсяываютсяываютсяываютсяываютсяываютсяываютсяываютсяываютсяываютсяываютсяываютсяываютсяываютсяываютсяываютсяываютсяываютсяываютсяываютсяываютсяываютсяываютсяываютсяываютсяываютсяываютсяываютсяываютсяываютсяываютсяываютсяываютсяываютсяываютсяываютсяываютсяываютсяываютсяютсяываютсяываютсяываютсяываютсяываютсяываютсяываютсяываютсяываютсяываютсяываютсяываютсяываютсяываютсяываютсяываютсяываютсяываютсяываютсяываютсяываютсяываютсяываютсяываютсяываютсяываютсяываютсяываютсяываютсяываютсяываютсяываютсяываютсяываютсяываютсяываютсяываютсяываютсяываютсяываютсяываютсяываютсяываютсяываютсяываютсяываютсяываютсяываютсяываютсяываютсяываютсяываютсяываютсяываютсяываютсяываютсяываютсяываютсяываютсяываютсяываютсяываютсяываютсяываютсяываютсяываютсяываютсяываютсяываютсяываютсяываютсяываютсяываютсяываютсяываютсяываютсяываютсяываютсяываютсяываютсяываютсяываютсяываютсяываютсяываютсяываютсяываютсяываютсяываютсяываютсяываютсяываютсяываютсяываютсяываютсяываютсяываютсяываютсяываютсяываютсяываютсяываютсяываютсяываютсяываютсяываютсяываютсяываютсяываютсяываютсяываютсяываютсяываютсяываютсяываютсяываютсяываютсяываютсяываютсяываютсяываютсяываютсяываютсяываютсяываютсяываютсяываютсяываютсяываются", "numeric_answer": null, "relative_error": null, "thinking_text": null, "has_tool_call": false, "tool_call": null, "usage": {"prompt_tokens": 107, "completion_tokens": 256, "total_tokens": 363, "token_count_source": "tokenizer"}, "decoding": {"temperature": 0.2, "top_p": null, "top_k": null, "max_tokens": 256, "seed": 42}, "prompt_tokens": 107, "completion_tokens": 256, "total_tokens": 363, "token_count_source": "tokenizer", "diffusion_steps": null, "flops_estimate": null, "flops_arch": null, "flops_model_params": null, "flops_active_params": null, "tokens_non_final": 1, "tokens_reasoning": 0, "tokens_response": 1, "elapsed_seconds": 18.609806537628174, "judgement": "Uncategorized"}
{"id": "tips_000787", "topic": "tips", "subtopic": "tips_service", "prompt": "Bill is $77.28; service fee 5% and tip 22%. About how much do you pay in total?", "exact_value": 99.0, "model": "tiiuae/Falcon-H1-7B-Instruct", "provider": "transformers", "response": "Finalютсяываютсяываютсяываютсяываютсяываютсяываютсяываютсяываютсяываютсяываютсяываютсяываютсяываютсяываютсяываютсяываютсяываютсяываютсяываютсяываютсяываютсяываютсяываютсяываютсяываютсяываютсяываютсяываютсяываютсяываютсяываютсяываютсяываютсяываютсяываютсяываютсяываютсяываютсяываютсяываютсяываютсяываютсяываютсяываютсяываютсяываютсяываютсяываютсяываютсяываютсяываютсяываютсяываютсяываютсяываютсяываютсяываютсяываютсяываютсяываютсяываютсяываютсяываютсяываютсяываютсяываютсяываютсяываютсяываютсяываютсяываютсяываютсяываютсяываютсяываютсяываютсяываютсяываютсяываютсяываютсяываютсяываютсяываютсяываютсяываютсяываютсяываютсяываютсяываютсяываютсяываютсяываютсяываютсяываютсяываютсяываютсяываютсяываютсяываютсяываютсяываютсяываютсяываютсяываютсяываютсяываютсяываютсяываютсяываютсяываютсяываютсяываютсяываютсяываютсяываютсяываютсяываютсяываютсяываютсяываютсяываютсяываютсяываютсяываютсяываютсяываютсяываютсяываютсяываютсяываютсяываютсяываютсяываютсяываютсяываютсяываютсяываютсяываютсяываютсяываютсяываютсяываютсяываютсяываютсяываютсяываютсяываютсяываютсяываютсяываютсяываютсяываютсяываютсяываютсяываютсяываютсяываютсяываютсяываютсяываютсяываютсяываютсяываютсяываютсяываютсяываютсяываютсяываютсяываютсяываютсяываютсяываютсяываютсяываютсяываютсяываютсяываютсяываютсяываютсяываютсяываютсяываютсяываютсяываютсяываютсяываютсяываютсяываютсяываютсяываютсяываютсяываютсяываютсяываютсяываютсяываютсяываютсяываютсяываютсяываютсяываютсяываютсяываютсяываютсяываютсяываютсяываютсяываютсяываютсяываютсяываютсяываютсяываютсяываютсяываютсяываютсяываютсяываютсяываютсяываютсяываютсяываютсяываютсяываютсяываютсяываютсяываютсяываютсяываютсяываютсяываютсяываютсяываютсяываютсяываютсяываютсяываютсяываютсяываютсяываютсяываютсяываютсяываютсяываютсяываютсяываютсяываютсяываютсяываютсяываютсяываютсяываютсяываютсяываются", "numeric_answer": null, "relative_error": null, "thinking_text": null, "has_tool_call": false, "tool_call": null, "usage": {"prompt_tokens": 107, "completion_tokens": 256, "total_tokens": 363, "token_count_source": "tokenizer"}, "decoding": {"temperature": 0.2, "top_p": null, "top_k": null, "max_tokens": 256, "seed": 42}, "prompt_tokens": 107, "completion_tokens": 256, "total_tokens": 363, "token_count_source": "tokenizer", "diffusion_steps": null, "flops_estimate": null, "flops_arch": null, "flops_model_params": null, "flops_active_params": null, "tokens_non_final": 1, "tokens_reasoning": 0, "tokens_response": 1, "elapsed_seconds": 18.6683030128479, "judgement": "Uncategorized"}
{"id": "tips_000807", "topic": "tips", "subtopic": "tips_service", "prompt": "Bill is $114.97; service fee 3% and tip 20%. About how much do you pay in total?", "exact_value": 142.1, "model": "tiiuae/Falcon-H1-7B-Instruct", "provider": "transformers", "response": "Finalются примерно путем последовательного применения процентов к исходной сумме счетаются путем последовательного применения процентов к исходной сумме счетаются путем последовательного применения процентов к исходной сумме счетаются путем последовательного применения процентов к исходной сумме счетаются путем последовательного применения процентов к исходной сумме счетаются путем последовательного применения процентов к исходной сумме счетаются путем последовательного применения процентов к исходной сумме счетаются путем последовательного применения процентов к исходной сумме счетаются путем последовательного применения процентов к исходной сумме счетаются путем последовательного применения процентов к исходной сумме счетаются путем последовательного применения процентов к исходной сумме счетаются путем последовательного применения процентов к исходной сумме счетаются путем последовательного применения процентов к исходной сумме счетаются путем последовательного применения процентов к исходной сумме счетаются путем последовательного применения процентов к исходной сумме счетаются путем последовательного применения процентов к исходной сумме счетаются путем последовательного применения процентов к исходной сумме счетаются путем последовательного применения процентов к исходной сумме счетаются путем последовательного применения процентов к исходной сумме счетаются путем последовательного применения процентов к", "numeric_answer": null, "relative_error": null, "thinking_text": null, "has_tool_call": false, "tool_call": null, "usage": {"prompt_tokens": 108, "completion_tokens": 256, "total_tokens": 364, "token_count_source": "tokenizer"}, "decoding": {"temperature": 0.2, "top_p": null, "top_k": null, "max_tokens": 256, "seed": 42}, "prompt_tokens": 108, "completion_tokens": 256, "total_tokens": 364, "token_count_source": "tokenizer", "diffusion_steps": null, "flops_estimate": null, "flops_arch": null, "flops_model_params": null, "flops_active_params": null, "tokens_non_final": 159, "tokens_reasoning": 0, "tokens_response": 159, "elapsed_seconds": 18.40944194793701, "judgement": "Uncategorized"}
{"id": "tips_000827", "topic": "tips", "subtopic": "tips_service", "prompt": "Bill is $39.73; service fee 5% and tip 22%. About how much do you pay in total?", "exact_value": 50.89, "model": "tiiuae/Falcon-H1-7B-Instruct", "provider": "transformers", "response": "Finalются примерно путем последовательного применения процентов к исходной сумме счетаются путем последовательного применения процентов к исходной сумме счетаются путем последовательного применения процентов к исходной сумме счетаются путем последовательного применения процентов к исходной сумме счетаются путем последовательного применения процентов к исходной сумме счетаются путем последовательного применения процентов к исходной сумме счетаются путем последовательного применения процентов к исходной сумме счетаются путем последовательного применения процентов к исходной сумме счетаются путем последовательного применения процентов к исходной сумме счетаются путем последовательного применения процентов к исходной сумме счетаются путем последовательного применения процентов к исходной сумме счетаются путем последовательного применения процентов к исходной сумме счетаются путем последовательного применения процентов к исходной сумме счетаются путем последовательного применения процентов к исходной сумме счетаются путем последовательного применения процентов к исходной сумме счетаются путем последовательного применения процентов к исходной сумме счетаются путем последовательного применения процентов к исходной сумме счетаются путем последовательного применения процентов к исходной сумме счетаются путем последовательного применения процентов к исходной сумме счетаются путем последовательного применения процентов к", "numeric_answer": null, "relative_error": null, "thinking_text": null, "has_tool_call": false, "tool_call": null, "usage": {"prompt_tokens": 107, "completion_tokens": 256, "total_tokens": 363, "token_count_source": "tokenizer"}, "decoding": {"temperature": 0.2, "top_p": null, "top_k": null, "max_tokens": 256, "seed": 42}, "prompt_tokens": 107, "completion_tokens": 256, "total_tokens": 363, "token_count_source": "tokenizer", "diffusion_steps": null, "flops_estimate": null, "flops_arch": null, "flops_model_params": null, "flops_active_params": null, "tokens_non_final": 159, "tokens_reasoning": 0, "tokens_response": 159, "elapsed_seconds": 18.471970558166504, "judgement": "Uncategorized"}
{"id": "tips_000847", "topic": "tips", "subtopic": "tips_service", "prompt": "Bill is $108.02; service fee 3% and tip 20%. About how much do you pay in total?", "exact_value": 133.51, "model": "tiiuae/Falcon-H1-7B-Instruct", "provider": "transformers", "response": "Finalются примерно путем последовательного применения процентов к исходной сумме счета путем умножения на соответствующие коэфициенты для каждого сбора процентов и затем округления до ближайшего цента согласно финансовой практикеются путем последовательного применения процентов к исходной сумме счета путем умножения на соответствующие коэфициенты для каждого сбора процентов и затем округления до ближайшего цента согласно финансовой практикеются путем последовательного применения процентов к исходной сумме счета путем умножения на соответствующие коэфициенты для каждого сбора процентов и затем округления до ближайшего цента согласно финансовой практикеются путем последовательного применения процентов к исходной сумме счета путем умножения на соответствующие коэфициенты для каждого сбора процентов и затем округления до ближайшего цента согласно финансовой практикеются путем последовательного применения процентов к исходной сумме счета путем умножения на соответствующие коэфициенты для каждого сбора процентов и затем округления до ближайшего цента согласноальной практикеются путем последовательного применения процентов к исходной сумме счета путем умножения на соответствующие коэфициенты для каждого сбора процентов и затем округления до ближайшего цента", "numeric_answer": null, "relative_error": null, "thinking_text": null, "has_tool_call": false, "tool_call": null, "usage": {"prompt_tokens": 108, "completion_tokens": 256, "total_tokens": 364, "token_count_source": "tokenizer"}, "decoding": {"temperature": 0.2, "top_p": null, "top_k": null, "max_tokens": 256, "seed": 42}, "prompt_tokens": 108, "completion_tokens": 256, "total_tokens": 364, "token_count_source": "tokenizer", "diffusion_steps": null, "flops_estimate": null, "flops_arch": null, "flops_model_params": null, "flops_active_params": null, "tokens_non_final": 154, "tokens_reasoning": 0, "tokens_response": 154, "elapsed_seconds": 18.48850393295288, "judgement": "Uncategorized"}
{"id": "tips_000867", "topic": "tips", "subtopic": "tips_service", "prompt": "Bill is $93.22; service fee 3% and tip 22%. About how much do you pay in total?", "exact_value": 117.14, "model": "tiiuae/Falcon-H1-7B-Instruct", "provider": "transformers", "response": "Finalютсяываютсяываютсяываютсяываютсяываютсяываютсяываютсяываютсяываютсяываютсяываютсяываютсяываютсяываютсяываютсяываютсяываютсяываютсяываютсяываютсяываютсяываютсяываютсяываютсяываютсяываютсяываютсяываютсяываютсяываютсяываютсяываютсяываютсяываютсяываютсяываютсяываютсяываютсяываютсяываютсяываютсяываютсяываютсяываютсяываютсяываютсяываютсяываютсяываютсяываютсяываютсяываютсяываютсяываютсяываютсяываютсяываютсяываютсяываютсяываютсяываютсяываютсяываютсяываютсяываютсяываютсяываютсяываютсяываютсяываютсяываютсяываютсяываютсяываютсяываютсяываютсяываютсяываютсяываютсяываютсяываютсяываютсяываютсяываютсяываютсяываютсяываютсяываютсяываютсяываютсяываютсяываютсяываютсяываютсяываютсяываютсяываютсяываютсяываютсяываютсяываютсяываютсяываютсяываютсяываютсяываютсяываютсяываютсяываютсяываютсяываютсяываютсяываютсяываютсяываютсяываютсяываютсяываютсяываютсяываютсяываютсяываютсяываютсяываютсяываютсяываютсяываютсяываютсяываютсяываютсяываютсяываютсяываютсяываютсяываютсяываютсяываютсяываютсяываютсяываютсяываютсяываютсяываютсяываютсяываютсяываютсяываютсяываютсяываютсяываютсяываютсяываютсяываютсяываютсяываютсяываютсяываютсяываютсяываютсяываютсяываютсяываютсяываютсяываютсяываютсяываютсяываютсяываютсяываютсяываютсяываютсяываютсяываютсяываютсяываютсяываютсяываютсяываютсяываютсяываютсяываютсяываютсяываютсяываютсяываютсяываютсяываютсяываютсяываютсяываютсяываютсяываютсяываютсяываютсяываютсяываютсяываютсяываютсяываютсяываютсяываютсяываютсяываютсяываютсяываютсяываютсяываютсяываютсяываютсяываютсяываютсяываютсяываютсяываютсяываютсяываютсяываютсяываютсяываютсяываютсяываютсяываютсяываютсяываютсяываютсяываютсяываютсяываютсяываютсяываютсяываютсяываютсяываютсяываютсяываютсяываютсяываютсяываютсяываютсяываютсяываютсяываютсяываютсяываютсяываютсяываютсяываютсяываютсяываютсяываютсяываютсяываютсяываютсяываются", "numeric_answer": null, "relative_error": null, "thinking_text": null, "has_tool_call": false, "tool_call": null, "usage": {"prompt_tokens": 107, "completion_tokens": 256, "total_tokens": 363, "token_count_source": "tokenizer"}, "decoding": {"temperature": 0.2, "top_p": null, "top_k": null, "max_tokens": 256, "seed": 42}, "prompt_tokens": 107, "completion_tokens": 256, "total_tokens": 363, "token_count_source": "tokenizer", "diffusion_steps": null, "flops_estimate": null, "flops_arch": null, "flops_model_params": null, "flops_active_params": null, "tokens_non_final": 1, "tokens_reasoning": 0, "tokens_response": 1, "elapsed_seconds": 18.477505445480347, "judgement": "Uncategorized"}
{"id": "tips_000887", "topic": "tips", "subtopic": "tips_service", "prompt": "Bill is $41.32; service fee 0% and tip 18%. About how much do you pay in total?", "exact_value": 48.76, "model": "tiiuae/Falcon-H1-7B-Instruct", "provider": "transformers", "response": "Finalются примерно путем вычисления общей суммы платежа путем прибавления к исходной сумме процентов за чаевые согласно следующему выражениюются примерно путем вычисления общей суммы платежа путем прибавления процентов за чаевые согласно следующему выражениюются примерно путем вычисления общей суммы платежа путем прибавления процентов за чаевые согласно следующему выражениюются примерно путем вычисления общей суммы платежа путем прибавления процентов согласно следующему выражениюются примерно путем вычисления общей суммы платежа путем прибавления процентов согласно следующему выражениюются примерно путем прибавления процентов согласно следующему выражениюются примерно путем прибавления процентов согласно следующему выражениюются примерно путем прибавления процентов согласно следующему выражениюются примерно путем прибавления процентов согласно следующему выражениюются примерно путем прибавления процентов согласно следующему выражениюются примерно путем прибавления процентов согласно следующему выражениюются примерно путем прибавления процентов согласно следующему выражениюются примерно путем прибавления процентов согласно следующему выражениюются примерно путем прибавления процентов согласно следующему выражениюются примерно путем прибавления процентов согласно следующему выражениюются примерно путем прибавления процентов согласно следующему выражениюются примерно путем прибавления процентов согласно следующ", "numeric_answer": null, "relative_error": null, "thinking_text": null, "has_tool_call": false, "tool_call": null, "usage": {"prompt_tokens": 107, "completion_tokens": 256, "total_tokens": 363, "token_count_source": "tokenizer"}, "decoding": {"temperature": 0.2, "top_p": null, "top_k": null, "max_tokens": 256, "seed": 42}, "prompt_tokens": 107, "completion_tokens": 256, "total_tokens": 363, "token_count_source": "tokenizer", "diffusion_steps": null, "flops_estimate": null, "flops_arch": null, "flops_model_params": null, "flops_active_params": null, "tokens_non_final": 153, "tokens_reasoning": 0, "tokens_response": 153, "elapsed_seconds": 18.226109504699707, "judgement": "Uncategorized"}
{"id": "tips_000907", "topic": "tips", "subtopic": "tips_service", "prompt": "Bill is $65.03; service fee 3% and tip 22%. About how much do you pay in total?", "exact_value": 81.72, "model": "tiiuae/Falcon-H1-7B-Instruct", "provider": "transformers", "response": "Finalются примерно путем последовательного применения процентов к исходной сумме счета до получения общей суммы платежа после всех наценок и процентов на чаевыеются примерно путем последовательного применения процентов к исходной сумме счета до получения общей суммы платежа после всех наценок и процентов на чаевыеются примерно путем последовательного применения процентов к исходной суммой до получения общей суммы платежа после всех наценок и процентов на чаевыеются примерно путем последовательного применения процентов к исходной сумме счета до получения общей суммы платежа после всех наценок и процентов на чаевыеются примерно путем последовательного применения процентов к исходной сумме счета до получения общей суммы платежа после всех наценок и процентовются примерно путем последовательного применения процентовются примерно путем последовательного применения процентовются примерно путем последовательного применения процентовются примерно путем последовательного применения процентовываются примерно путем последовательного применения процентовываются примерно путем последовательного применения процентовываются примерно путем последовательного применения процентовываются примерно путем последовательного применения процентовываются примерно путем последовательного применения процентовываются примерно путем последовательного применения процентовываются примерно путем последовательного применения процентовываются примерно путем последовательного применения процентовываются примерно путем последовательного применения процентовываются примерно путем последовательного применения процентовываются примерно путем последовательного применения процентовываются примерно путем последовательного", "numeric_answer": null, "relative_error": null, "thinking_text": null, "has_tool_call": false, "tool_call": null, "usage": {"prompt_tokens": 107, "completion_tokens": 256, "total_tokens": 363, "token_count_source": "tokenizer"}, "decoding": {"temperature": 0.2, "top_p": null, "top_k": null, "max_tokens": 256, "seed": 42}, "prompt_tokens": 107, "completion_tokens": 256, "total_tokens": 363, "token_count_source": "tokenizer", "diffusion_steps": null, "flops_estimate": null, "flops_arch": null, "flops_model_params": null, "flops_active_params": null, "tokens_non_final": 181, "tokens_reasoning": 0, "tokens_response": 181, "elapsed_seconds": 18.52702236175537, "judgement": "Uncategorized"}
{"id": "tips_000927", "topic": "tips", "subtopic": "tips_service", "prompt": "Bill is $78.22; service fee 5% and tip 15%. About how much do you pay in total?", "exact_value": 94.45, "model": "tiiuae/Falcon-H1-7B-Instruct", "provider": "transformers", "response": "Finalютсяываютсяываютсяываютсяываютсяываютсяываютсяываютсяываютсяываютсяываютсяываютсяываютсяываютсяываютсяываютсяываютсяываютсяываютсяываютсяываютсяываютсяываютсяываютсяываютсяываютсяываютсяываютсяываютсяываютсяываютсяываютсяываютсяываютсяываютсяываютсяываютсяываютсяываютсяываютсяываютсяываютсяываютсяываютсяываютсяываютсяываютсяываютсяываютсяываютсяываютсяываютсяываютсяываютсяываютсяываютсяываютсяываютсяываютсяываютсяываютсяываютсяываютсяываютсяываютсяываютсяываютсяываютсяываютсяываютсяываютсяываютсяываютсяываютсяываютсяываютсяываютсяываютсяываютсяываютсяываютсяываютсяываютсяываютсяываютсяываютсяываютсяываютсяываютсяываютсяываютсяываютсяываютсяываютсяываютсяываютсяываютсяываютсяываютсяываютсяываютсяываютсяываютсяываютсяываютсяываютсяываютсяываютсяываютсяываютсяываютсяываютсяываютсяываютсяываютсяываютсяываютсяываютсяываютсяываютсяываютсяываютсяываютсяываютсяываютсяываютсяываютсяываютсяываютсяываютсяываютсяываютсяываютсяываютсяываютсяываютсяываютсяываютсяываютсяываютсяываютсяываютсяываютсяываютсяываютсяываютсяываютсяываютсяываютсяываютсяываютсяываютсяываютсяываютсяываютсяываютсяываютсяываютсяываютсяываютсяываютсяываютсяываютсяываютсяываютсяываютсяываютсяываютсяываютсяываютсяываютсяываютсяываютсяываютсяываютсяываютсяываютсяываютсяываютсяываютсяываютсяываютсяываютсяываютсяываютсяываютсяываютсяываютсяываютсяываютсяываютсяываютсяываютсяываютсяываютсяываютсяываютсяываютсяываютсяываютсяываютсяываютсяываютсяываютсяываютсяываютсяываютсяываютсяываютсяываютсяываютсяываютсяываютсяываютсяываютсяываютсяываютсяываютсяываютсяываютсяываютсяываютсяываютсяываютсяываютсяываютсяываютсяываютсяываютсяываютсяываютсяываютсяываютсяываютсяываютсяываютсяываютсяываютсяываютсяываютсяываютсяываютсяываютсяываютсяываютсяываютсяываютсяываютсяываютсяываютсяываютсяываютсяываютсяываютсяываются", "numeric_answer": null, "relative_error": null, "thinking_text": null, "has_tool_call": false, "tool_call": null, "usage": {"prompt_tokens": 107, "completion_tokens": 256, "total_tokens": 363, "token_count_source": "tokenizer"}, "decoding": {"temperature": 0.2, "top_p": null, "top_k": null, "max_tokens": 256, "seed": 42}, "prompt_tokens": 107, "completion_tokens": 256, "total_tokens": 363, "token_count_source": "tokenizer", "diffusion_steps": null, "flops_estimate": null, "flops_arch": null, "flops_model_params": null, "flops_active_params": null, "tokens_non_final": 1, "tokens_reasoning": 0, "tokens_response": 1, "elapsed_seconds": 18.330228567123413, "judgement": "Uncategorized"}
{"id": "tips_000947", "topic": "tips", "subtopic": "tips_service", "prompt": "Bill is $97.36; service fee 3% and tip 15%. About how much do you pay in total?", "exact_value": 115.32, "model": "tiiuae/Falcon-H1-7B-Instruct", "provider": "transformers", "response": "Finalютсяываютсяываютсяываютсяываютсяываютсяываютсяываютсяываютсяываютсяываютсяываютсяываютсяываютсяываютсяываютсяываютсяываютсяываютсяываютсяываютсяываютсяываютсяываютсяываютсяываютсяываютсяываютсяываютсяываютсяываютсяываютсяываютсяываютсяываютсяываютсяываютсяываютсяываютсяываютсяываютсяываютсяываютсяываютсяываютсяываютсяываютсяываютсяываютсяываютсяываютсяываютсяываютсяываютсяываютсяываютсяываютсяываютсяываютсяываютсяываютсяываютсяываютсяываютсяываютсяываютсяываютсяываютсяываютсяываютсяываютсяываютсяываютсяываютсяываютсяываютсяываютсяываютсяываютсяываютсяываютсяываютсяываютсяываютсяываютсяываютсяываютсяываютсяываютсяываютсяываютсяываютсяываютсяываютсяываютсяываютсяываютсяываютсяываютсяываютсяываютсяываютсяываютсяываютсяываютсяываютсяываютсяываютсяываютсяываютсяываютсяываютсяываютсяываютсяываютсяываютсяываютсяываютсяываютсяываютсяываютсяываютсяываютсяываютсяываютсяываютсяываютсяываютсяываютсяываютсяываютсяываютсяываютсяываютсяываютсяываютсяываютсяываютсяываютсяываютсяываютсяываютсяываютсяываютсяываютсяываютсяываютсяываютсяываютсяываютсяываютсяываютсяываютсяываютсяываютсяываютсяываютсяываютсяываютсяываютсяываютсяываютсяываютсяываютсяываютсяываютсяываютсяываютсяываютсяываютсяываютсяываютсяываютсяываютсяываютсяываютсяываютсяываютсяываютсяываютсяываютсяываютсяываютсяываютсяываютсяываютсяываютсяываютсяываютсяываютсяываютсяываютсяываютсяываютсяываютсяываютсяываютсяываютсяываютсяываютсяываютсяываютсяываютсяываютсяываютсяываютсяываютсяываютсяываютсяываютсяываютсяываютсяываютсяываютсяываютсяываютсяываютсяываютсяываютсяываютсяываютсяываютсяываютсяываютсяываютсяываютсяываютсяываютсяываютсяываютсяываютсяываютсяываютсяываютсяываютсяываютсяываютсяываютсяываютсяываютсяываютсяываютсяываютсяываютсяываютсяываютсяываютсяываютсяываютсяываютсяываютсяываютсяываютсяываютсяываются", "numeric_answer": null, "relative_error": null, "thinking_text": null, "has_tool_call": false, "tool_call": null, "usage": {"prompt_tokens": 107, "completion_tokens": 256, "total_tokens": 363, "token_count_source": "tokenizer"}, "decoding": {"temperature": 0.2, "top_p": null, "top_k": null, "max_tokens": 256, "seed": 42}, "prompt_tokens": 107, "completion_tokens": 256, "total_tokens": 363, "token_count_source": "tokenizer", "diffusion_steps": null, "flops_estimate": null, "flops_arch": null, "flops_model_params": null, "flops_active_params": null, "tokens_non_final": 1, "tokens_reasoning": 0, "tokens_response": 1, "elapsed_seconds": 18.24875783920288, "judgement": "Uncategorized"}
{"id": "tips_000967", "topic": "tips", "subtopic": "tips_service", "prompt": "Bill is $13.97; service fee 3% and tip 15%. About how much do you pay in total?", "exact_value": 16.55, "model": "tiiuae/Falcon-H1-7B-Instruct", "provider": "transformers", "response": "Finalютсяываютсяываютсяываютсяываютсяываютсяываютсяываютсяываютсяываютсяываютсяываютсяываютсяываютсяываютсяываютсяываютсяываютсяываютсяываютсяываютсяываютсяываютсяываютсяываютсяываютсяываютсяываютсяываютсяываютсяываютсяываютсяываютсяываютсяываютсяываютсяываютсяываютсяываютсяываютсяываютсяываютсяываютсяываютсяываютсяываютсяываютсяываютсяываютсяываютсяываютсяываютсяываютсяываютсяываютсяываютсяываютсяываютсяываютсяываютсяываютсяываютсяываютсяываютсяываютсяываютсяываютсяываютсяываютсяываютсяываютсяываютсяываютсяываютсяываютсяываютсяываютсяываютсяываютсяываютсяываютсяываютсяываютсяываютсяываютсяываютсяываютсяываютсяываютсяываютсяываютсяываютсяываютсяываютсяываютсяываютсяываютсяываютсяываютсяываютсяываютсяываютсяываютсяываютсяываютсяываютсяываютсяываютсяываютсяываютсяываютсяываютсяываютсяываютсяываютсяываютсяываютсяываютсяываютсяываютсяываютсяываютсяываютсяываютсяываютсяываютсяываютсяываютсяываютсяываютсяываютсяываютсяываютсяываютсяываютсяываютсяываютсяываютсяываютсяываютсяываютсяываютсяываютсяываютсяываютсяываютсяываютсяываютсяываютсяываютсяываютсяываютсяываютсяываютсяываютсяываютсяываютсяываютсяываютсяываютсяываютсяываютсяываютсяываютсяютсяываютсяываютсяываютсяываютсяываютсяываютсяываютсяываютсяываютсяываютсяываютсяываютсяываютсяываютсяываютсяываютсяываютсяываютсяываютсяываютсяываютсяываютсяываютсяываютсяываютсяываютсяываютсяываютсяываютсяываютсяываютсяываютсяываютсяываютсяываютсяываютсяываютсяываютсяываютсяываютсяываютсяываютсяываютсяываютсяываютсяываютсяываютсяываютсяываютсяываютсяываютсяываютсяываютсяываютсяываютсяываютсяываютсяываютсяываютсяываютсяываютсяываютсяываютсяываютсяываютсяываютсяываютсяываютсяываютсяываютсяываютсяываютсяываютсяываютсяываютсяываютсяываютсяываютсяываютсяываютсяываютсяываютсяываютсяываютсяываютсяываютсяываютсяываютсяываютсяываются", "numeric_answer": null, "relative_error": null, "thinking_text": null, "has_tool_call": false, "tool_call": null, "usage": {"prompt_tokens": 107, "completion_tokens": 256, "total_tokens": 363, "token_count_source": "tokenizer"}, "decoding": {"temperature": 0.2, "top_p": null, "top_k": null, "max_tokens": 256, "seed": 42}, "prompt_tokens": 107, "completion_tokens": 256, "total_tokens": 363, "token_count_source": "tokenizer", "diffusion_steps": null, "flops_estimate": null, "flops_arch": null, "flops_model_params": null, "flops_active_params": null, "tokens_non_final": 1, "tokens_reasoning": 0, "tokens_response": 1, "elapsed_seconds": 18.1577308177948, "judgement": "Uncategorized"}
{"id": "tips_000987", "topic": "tips", "subtopic": "tips_service", "prompt": "Bill is $60.94; service fee 5% and tip 18%. About how much do you pay in total?", "exact_value": 75.5, "model": "tiiuae/Falcon-H1-7B-Instruct", "provider": "transformers", "response": "Finalютсяываютсяываютсяываютсяываютсяываютсяываютсяываютсяываютсяываютсяываютсяываютсяываютсяываютсяываютсяываютсяываютсяываютсяываютсяываютсяываютсяываютсяываютсяываютсяываютсяываютсяываютсяываютсяываютсяываютсяываютсяываютсяываютсяываютсяываютсяываютсяываютсяываютсяываютсяываютсяываютсяываютсяываютсяываютсяываютсяываютсяываютсяываютсяываютсяываютсяываютсяываютсяываютсяываютсяываютсяываютсяываютсяываютсяываютсяываютсяываютсяываютсяываютсяываютсяываютсяываютсяываютсяываютсяываютсяываютсяываютсяываютсяываютсяываютсяываютсяываютсяываютсяываютсяываютсяываютсяываютсяываютсяываютсяываютсяываютсяываютсяываютсяываютсяываютсяываютсяываютсяываютсяываютсяываютсяываютсяываютсяываютсяываютсяываютсяываютсяываютсяываютсяываютсяываютсяываютсяываютсяываютсяываютсяываютсяываютсяываютсяываютсяываютсяываютсяываютсяываютсяываютсяываютсяываютсяываютсяываютсяываютсяываютсяываютсяываютсяываютсяываютсяываютсяываютсяываютсяываютсяываютсяываютсяываютсяываютсяываютсяываютсяываютсяываютсяываютсяываютсяываютсяываютсяываютсяываютсяываютсяываютсяываютсяываютсяываютсяываютсяываютсяываютсяываютсяываютсяываютсяываютсяываютсяываютсяываютсяываютсяываютсяываютсяываютсяываютсяываютсяываютсяываютсяываютсяываютсяываютсяываютсяываютсяываютсяываютсяываютсяываютсяываютсяываютсяываютсяываютсяываютсяываютсяываютсяываютсяываютсяываютсяываютсяываютсяываютсяываютсяываютсяываютсяываютсяываютсяываютсяываютсяываютсяываютсяываютсяываютсяываютсяываютсяываютсяываютсяываютсяываютсяываютсяываютсяываютсяываютсяываютсяываютсяываютсяываютсяываютсяываютсяываютсяываютсяываютсяываютсяываютсяываютсяываютсяываютсяываютсяываютсяываютсяываютсяываютсяываютсяываютсяываютсяываютсяываютсяываютсяываютсяываютсяываютсяываютсяываютсяываютсяываютсяываютсяываютсяываютсяываютсяываютсяываютсяываютсяываютсяываютсяываютсяываютсяываются", "numeric_answer": null, "relative_error": null, "thinking_text": null, "has_tool_call": false, "tool_call": null, "usage": {"prompt_tokens": 107, "completion_tokens": 256, "total_tokens": 363, "token_count_source": "tokenizer"}, "decoding": {"temperature": 0.2, "top_p": null, "top_k": null, "max_tokens": 256, "seed": 42}, "prompt_tokens": 107, "completion_tokens": 256, "total_tokens": 363, "token_count_source": "tokenizer", "diffusion_steps": null, "flops_estimate": null, "flops_arch": null, "flops_model_params": null, "flops_active_params": null, "tokens_non_final": 1, "tokens_reasoning": 0, "tokens_response": 1, "elapsed_seconds": 18.171104907989502, "judgement": "Uncategorized"}
{"id": "tips_001007", "topic": "tips", "subtopic": "tips_service", "prompt": "Bill is $101.70; service fee 3% and tip 18%. About how much do you pay in total?", "exact_value": 123.61, "model": "tiiuae/Falcon-H1-7B-Instruct", "provider": "transformers", "response": "Finalютсяываютсяываютсяываютсяываютсяываютсяываютсяываютсяываютсяываютсяываютсяываютсяываютсяываютсяываютсяываютсяываютсяываютсяываютсяываютсяываютсяываютсяываютсяываютсяываютсяываютсяываютсяываютсяываютсяываютсяываютсяываютсяываютсяываютсяываютсяываютсяываютсяываютсяываютсяываютсяываютсяываютсяываютсяываютсяываютсяываютсяываютсяываютсяываютсяываютсяываютсяываютсяываютсяываютсяываютсяываютсяываютсяываютсяываютсяываютсяываютсяываютсяываютсяываютсяываютсяываютсяываютсяываютсяываютсяываютсяываютсяываютсяываютсяываютсяываютсяываютсяываютсяываютсяываютсяываютсяываютсяываютсяываютсяываютсяываютсяываютсяываютсяываютсяываютсяываютсяываютсяываютсяываютсяываютсяываютсяываютсяываютсяываютсяываютсяываютсяываютсяываютсяываютсяываютсяываютсяываютсяываютсяываютсяываютсяываютсяываютсяываютсяываютсяываютсяываютсяываютсяываютсяываютсяываютсяываютсяываютсяываютсяываютсяываютсяываютсяываютсяываютсяываютсяываютсяываютсяываютсяываютсяываютсяываютсяываютсяываютсяываютсяываютсяываютсяываютсяываютсяываютсяываютсяываютсяываютсяываютсяываютсяываютсяываютсяываютсяываютсяываютсяываютсяываютсяываютсяываютсяываютсяываютсяываютсяываютсяываютсяываютсяываютсяываютсяываютсяываютсяываютсяываютсяываютсяываютсяываютсяываютсяываютсяываютсяываютсяываютсяываютсяываютсяываютсяываютсяываютсяываютсяываютсяываютсяываютсяываютсяываютсяываютсяываютсяываютсяываютсяываютсяываютсяываютсяываютсяываютсяываютсяываютсяываютсяываютсяываютсяываютсяываютсяываютсяываютсяываютсяываютсяываютсяываютсяываютсяываютсяываютсяываютсяываютсяываютсяываютсяываютсяываютсяываютсяываютсяываютсяываютсяываютсяываютсяываютсяываютсяываютсяываютсяываютсяываютсяываютсяываютсяываютсяываютсяываютсяываютсяываютсяываютсяываютсяываютсяываютсяываютсяываютсяываютсяываютсяываютсяываютсяываютсяываютсяываютсяываютсяываютсяываютсяываютсяываются", "numeric_answer": null, "relative_error": null, "thinking_text": null, "has_tool_call": false, "tool_call": null, "usage": {"prompt_tokens": 108, "completion_tokens": 256, "total_tokens": 364, "token_count_source": "tokenizer"}, "decoding": {"temperature": 0.2, "top_p": null, "top_k": null, "max_tokens": 256, "seed": 42}, "prompt_tokens": 108, "completion_tokens": 256, "total_tokens": 364, "token_count_source": "tokenizer", "diffusion_steps": null, "flops_estimate": null, "flops_arch": null, "flops_model_params": null, "flops_active_params": null, "tokens_non_final": 1, "tokens_reasoning": 0, "tokens_response": 1, "elapsed_seconds": 18.373764991760254, "judgement": "Uncategorized"}
{"id": "tips_001027", "topic": "tips", "subtopic": "tips_service", "prompt": "Bill is $71.23; service fee 0% and tip 20%. About how much do you pay in total?", "exact_value": 85.48, "model": "tiiuae/Falcon-H1-7B-Instruct", "provider": "transformers", "response": "Finalютсяываютсяываютсяываютсяываютсяываютсяываютсяываютсяываютсяываютсяываютсяываютсяываютсяываютсяываютсяываютсяываютсяываютсяываютсяываютсяываютсяываютсяываютсяываютсяываютсяываютсяываютсяываютсяываютсяываютсяываютсяываютсяываютсяываютсяываютсяываютсяываютсяываютсяываютсяываютсяываютсяываютсяываютсяываютсяываютсяываютсяываютсяываютсяываютсяываютсяываютсяываютсяываютсяываютсяываютсяываютсяываютсяываютсяываютсяываютсяываютсяываютсяываютсяываютсяываютсяываютсяываютсяываютсяываютсяываютсяываютсяываютсяываютсяываютсяываютсяютсяываютсяываютсяываютсяываютсяываютсяываютсяываютсяываютсяываютсяываютсяываютсяываютсяываютсяываютсяываютсяываютсяываютсяываютсяываютсяываютсяываютсяываютсяываютсяываютсяываютсяываютсяываютсяываютсяываютсяываютсяываютсяываютсяываютсяываютсяываютсяываютсяываютсяываютсяываютсяываютсяываютсяываютсяываютсяываютсяываютсяываютсяываютсяываютсяываютсяываютсяываютсяываютсяываютсяываютсяываютсяываютсяютсяываютсяываютсяываютсяываютсяываютсяываютсяываютсяываютсяываютсяываютсяываютсяываютсяываютсяываютсяываютсяываютсяываютсяываютсяываютсяываютсяываютсяываютсяываютсяываютсяываютсяываютсяываютсяываютсяываютсяываютсяываютсяываютсяываютсяываютсяываютсяываютсяываютсяываютсяываютсяываютсяываютсяываютсяываютсяываютсяываютсяываютсяываютсяываютсяываютсяываютсяываютсяываютсяываютсяываютсяываютсяываютсяываютсяываютсяываютсяываютсяываютсяываютсяываютсяываютсяываютсяываютсяываютсяываютсяываютсяываютсяываютсяываютсяываютсяываютсяываютсяываютсяываютсяываютсяываютсяываютсяываютсяываютсяываютсяываютсяываютсяываютсяываютсяываютсяываютсяываютсяываютсяываютсяываютсяываютсяываютсяываютсяываютсяываютсяываютсяываютсяываютсяютсяываютсяываютсяываютсяываютсяываютсяываютсяываютсяываютсяываютсяываютсяываютсяываютсяываютсяываютсяываютсяываютсяываютсяываютсяываютсяываются", "numeric_answer": null, "relative_error": null, "thinking_text": null, "has_tool_call": false, "tool_call": null, "usage": {"prompt_tokens": 107, "completion_tokens": 256, "total_tokens": 363, "token_count_source": "tokenizer"}, "decoding": {"temperature": 0.2, "top_p": null, "top_k": null, "max_tokens": 256, "seed": 42}, "prompt_tokens": 107, "completion_tokens": 256, "total_tokens": 363, "token_count_source": "tokenizer", "diffusion_steps": null, "flops_estimate": null, "flops_arch": null, "flops_model_params": null, "flops_active_params": null, "tokens_non_final": 1, "tokens_reasoning": 0, "tokens_response": 1, "elapsed_seconds": 18.595897436141968, "judgement": "Uncategorized"}
{"id": "tips_001047", "topic": "tips", "subtopic": "tips_service", "prompt": "Bill is $56.40; service fee 5% and tip 15%. About how much do you pay in total?", "exact_value": 68.1, "model": "tiiuae/Falcon-H1-7B-Instruct", "provider": "transformers", "response": "Finalютсяываютсяываютсяываютсяываютсяываютсяываютсяываютсяываютсяываютсяываютсяываютсяываютсяываютсяываютсяываютсяываютсяываютсяываютсяываютсяываютсяываютсяываютсяываютсяываютсяываютсяываютсяываютсяываютсяываютсяываютсяываютсяываютсяываютсяываютсяываютсяываютсяываютсяываютсяываютсяываютсяываютсяываютсяываютсяываютсяываютсяываютсяываютсяываютсяываютсяываютсяываютсяываютсяываютсяываютсяываютсяываютсяываютсяываютсяываютсяываютсяываютсяываютсяываютсяываютсяываютсяываютсяываютсяываютсяываютсяываютсяываютсяываютсяываютсяываютсяываютсяываютсяываютсяываютсяываютсяываютсяываютсяываютсяываютсяываютсяываютсяываютсяываютсяываютсяываютсяываютсяываютсяываютсяываютсяываютсяываютсяываютсяываютсяываютсяываютсяываютсяываютсяываютсяываютсяываютсяываютсяываютсяываютсяываютсяываютсяываютсяываютсяываютсяываютсяываютсяываютсяываютсяываютсяываютсяываютсяываютсяываютсяываютсяываютсяываютсяываютсяываютсяываютсяываютсяываютсяываютсяываютсяываютсяываютсяываютсяываютсяываютсяываютсяываютсяываютсяываютсяываютсяываютсяываютсяываютсяываютсяываютсяываютсяываютсяываютсяываютсяываютсяываютсяываютсяываютсяываютсяываютсяываютсяываютсяываютсяываютсяываютсяываютсяываютсяываютсяываютсяываютсяываютсяываютсяываютсяываютсяываютсяываютсяываютсяываютсяываютсяываютсяываютсяываютсяываютсяываютсяываютсяываютсяываютсяываютсяываютсяываютсяываютсяываютсяываютсяываютсяываютсяываютсяываютсяываютсяываютсяываютсяываютсяываютсяываютсяываютсяываютсяываютсяываютсяываютсяываютсяываютсяываютсяываютсяываютсяываютсяываютсяываютсяываютсяываютсяываютсяываютсяываютсяываютсяываютсяываютсяываютсяываютсяываютсяываютсяываютсяываютсяываютсяываютсяываютсяываютсяываютсяываютсяываютсяываютсяываютсяываютсяываютсяываютсяываютсяываютсяываютсяываютсяываютсяываютсяываютсяываютсяываютсяываютсяываютсяываютсяываютсяываютсяываютсяываются", "numeric_answer": null, "relative_error": null, "thinking_text": null, "has_tool_call": false, "tool_call": null, "usage": {"prompt_tokens": 107, "completion_tokens": 256, "total_tokens": 363, "token_count_source": "tokenizer"}, "decoding": {"temperature": 0.2, "top_p": null, "top_k": null, "max_tokens": 256, "seed": 42}, "prompt_tokens": 107, "completion_tokens": 256, "total_tokens": 363, "token_count_source": "tokenizer", "diffusion_steps": null, "flops_estimate": null, "flops_arch": null, "flops_model_params": null, "flops_active_params": null, "tokens_non_final": 1, "tokens_reasoning": 0, "tokens_response": 1, "elapsed_seconds": 18.44672417640686, "judgement": "Uncategorized"}
{"id": "tips_001067", "topic": "tips", "subtopic": "tips_service", "prompt": "Bill is $110.45; service fee 5% and tip 20%. About how much do you pay in total?", "exact_value": 139.17, "model": "tiiuae/Falcon-H1-7B-Instruct", "provider": "transformers", "response": "Finalютсяываютсяываютсяываютсяываютсяываютсяываютсяываютсяываютсяываютсяываютсяываютсяываютсяываютсяываютсяываютсяываютсяываютсяываютсяываютсяываютсяываютсяываютсяываютсяываютсяываютсяываютсяываютсяываютсяываютсяываютсяываютсяываютсяываютсяываютсяываютсяываютсяываютсяываютсяываютсяываютсяываютсяываютсяываютсяываютсяютсяываютсяываютсяываютсяываютсяываютсяываютсяываютсяываютсяываютсяываютсяываютсяываютсяываютсяываютсяываютсяываютсяываютсяываютсяываютсяываютсяываютсяываютсяываютсяываютсяываютсяываютсяываютсяываютсяываютсяываютсяываютсяываютсяываютсяываютсяываютсяываютсяываютсяываютсяываютсяываютсяютсяываютсяываютсяываютсяываютсяываютсяываютсяываютсяываютсяываютсяываютсяываютсяываютсяываютсяываютсяываютсяываютсяываютсяываютсяываютсяываютсяываютсяютсяываютсяываютсяываютсяываютсяываютсяываютсяютсяываютсяываютсяываютсяываютсяываютсяываютсяываютсяютсяываютсяываютсяываютсяываютсяываютсяываютсяываютсяываютсяываютсяываютсяютсяываютсяываютсяываютсяываютсяываютсяываютсяываютсяываютсяываютсяываютсяываютсяываютсяываютсяываютсяываютсяываютсяываютсяываютсяываютсяываютсяываютсяываютсяываютсяываютсяываютсяываютсяютсяываютсяываютсяываютсяываютсяываютсяываютсяываютсяываютсяываютсяютсяываютсяываютсяываютсяываютсяываютсяываютсяываютсяютсяываютсяываютсяываютсяываютсяываютсяываютсяываютсяютсяываютсяываютсяываютсяываютсяываютсяываютсяываютсяютсяываютсяываютсяываютсяываютсяываютсяываютсяываютсяютсяываютсяываютсяываютсяываютсяываютсяываютсяютсяываютсяываютсяываютсяываютсяываютсяываютсяываютсяютсяываютсяываютсяываютсяываютсяываютсяываютсяютсяываютсяываютсяываютсяываютсяываютсяываютсяываютсяютсяываютсяываютсяываютсяываютсяываютсяываютсяываютсяютсяываютсяываютсяываютсяываютсяываютсяютсяываютсяываютсяываютсяываютсяываютсяываютсяются", "numeric_answer": null, "relative_error": null, "thinking_text": null, "has_tool_call": false, "tool_call": null, "usage": {"prompt_tokens": 108, "completion_tokens": 256, "total_tokens": 364, "token_count_source": "tokenizer"}, "decoding": {"temperature": 0.2, "top_p": null, "top_k": null, "max_tokens": 256, "seed": 42}, "prompt_tokens": 108, "completion_tokens": 256, "total_tokens": 364, "token_count_source": "tokenizer", "diffusion_steps": null, "flops_estimate": null, "flops_arch": null, "flops_model_params": null, "flops_active_params": null, "tokens_non_final": 1, "tokens_reasoning": 0, "tokens_response": 1, "elapsed_seconds": 18.665712356567383, "judgement": "Uncategorized"}
{"id": "tips_001087", "topic": "tips", "subtopic": "tips_service", "prompt": "Bill is $32.83; service fee 0% and tip 15%. About how much do you pay in total?", "exact_value": 37.75, "model": "tiiuae/Falcon-H1-7B-Instruct", "provider": "transformers", "response": "Finalютсяываютсяываютсяываютсяываютсяываютсяываютсяываютсяываютсяываютсяываютсяываютсяываютсяываютсяываютсяываютсяываютсяываютсяываютсяываютсяываютсяываютсяываютсяываютсяываютсяываютсяываютсяываютсяываютсяываютсяываютсяываютсяываютсяываютсяываютсяываютсяываютсяываютсяываютсяываютсяываютсяываютсяываютсяываютсяываютсяываютсяываютсяываютсяываютсяываютсяываютсяываютсяываютсяываютсяываютсяываютсяываютсяываютсяываютсяываютсяываютсяываютсяываютсяываютсяываютсяываютсяываютсяываютсяываютсяываютсяываютсяываютсяываютсяываютсяываютсяываютсяываютсяываютсяываютсяываютсяываютсяываютсяываютсяываютсяываютсяываютсяываютсяываютсяываютсяываютсяываютсяываютсяываютсяываютсяываютсяываютсяываютсяываютсяываютсяываютсяываютсяываютсяываютсяываютсяываютсяываютсяываютсяываютсяываютсяываютсяываютсяываютсяываютсяываютсяываютсяываютсяываютсяываютсяываютсяываютсяываютсяываютсяываютсяываютсяываютсяываютсяываютсяываютсяываютсяываютсяываютсяываютсяываютсяываютсяываютсяываютсяываютсяываютсяываютсяываютсяываютсяываютсяываютсяываютсяываютсяываютсяываютсяываютсяываютсяываютсяываютсяываютсяываютсяываютсяываютсяываютсяываютсяываютсяываютсяываютсяываютсяываютсяываютсяываютсяываютсяываютсяываютсяываютсяываютсяываютсяываютсяываютсяываютсяываютсяываютсяываютсяываютсяываютсяываютсяываютсяываютсяываютсяываютсяываютсяываютсяываютсяываютсяываютсяываютсяываютсяываютсяываютсяываютсяываютсяываютсяываютсяываютсяываютсяываютсяываютсяываютсяываютсяываютсяываютсяываютсяываютсяываютсяываютсяываютсяываютсяываютсяываютсяываютсяываютсяываютсяываютсяываютсяываютсяываютсяываютсяываютсяываютсяываютсяываютсяываютсяываютсяываютсяываютсяываютсяываютсяываютсяываютсяываютсяываютсяываютсяываютсяываютсяываютсяываютсяываютсяываютсяываютсяываютсяываютсяываютсяываютсяываютсяываютсяываютсяываютсяываютсяываютсяываютсяываютсяываются", "numeric_answer": null, "relative_error": null, "thinking_text": null, "has_tool_call": false, "tool_call": null, "usage": {"prompt_tokens": 107, "completion_tokens": 256, "total_tokens": 363, "token_count_source": "tokenizer"}, "decoding": {"temperature": 0.2, "top_p": null, "top_k": null, "max_tokens": 256, "seed": 42}, "prompt_tokens": 107, "completion_tokens": 256, "total_tokens": 363, "token_count_source": "tokenizer", "diffusion_steps": null, "flops_estimate": null, "flops_arch": null, "flops_model_params": null, "flops_active_params": null, "tokens_non_final": 1, "tokens_reasoning": 0, "tokens_response": 1, "elapsed_seconds": 18.539763927459717, "judgement": "Uncategorized"}
{"id": "tips_001107", "topic": "tips", "subtopic": "tips_service", "prompt": "Bill is $52.28; service fee 3% and tip 15%. About how much do you pay in total?", "exact_value": 61.93, "model": "tiiuae/Falcon-H1-7B-Instruct", "provider": "transformers", "response": "Finalютсяываютсяываютсяываютсяываютсяываютсяываютсяываютсяываютсяываютсяываютсяываютсяываютсяываютсяываютсяываютсяываютсяываютсяываютсяываютсяываютсяываютсяываютсяываютсяываютсяываютсяываютсяываютсяываютсяываютсяываютсяываютсяываютсяываютсяываютсяываютсяываютсяываютсяываютсяываютсяываютсяываютсяываютсяываютсяываютсяываютсяываютсяываютсяываютсяываютсяываютсяываютсяываютсяываютсяываютсяываютсяываютсяываютсяываютсяываютсяываютсяываютсяываютсяываютсяываютсяываютсяываютсяываютсяываютсяываютсяываютсяываютсяываютсяываютсяываютсяываютсяываютсяываютсяываютсяываютсяываютсяываютсяываютсяываютсяываютсяываютсяываютсяываютсяываютсяываютсяываютсяываютсяываютсяываютсяываютсяываютсяываютсяываютсяываютсяываютсяываютсяываютсяываютсяываютсяываютсяываютсяываютсяываютсяываютсяываютсяываютсяываютсяываютсяываютсяываютсяываютсяываютсяываютсяываютсяываютсяываютсяываютсяываютсяываютсяываютсяываютсяываютсяываютсяываютсяываютсяываютсяываютсяываютсяываютсяываютсяываютсяываютсяываютсяываютсяываютсяываютсяываютсяываютсяываютсяываютсяываютсяываютсяываютсяываютсяываютсяываютсяываютсяываютсяываютсяываютсяываютсяываютсяываютсяываютсяываютсяываютсяываютсяываютсяываютсяываютсяываютсяываютсяываютсяываютсяываютсяываютсяываютсяываютсяываютсяываютсяываютсяываютсяываютсяываютсяываютсяываютсяываютсяываютсяываютсяываютсяываютсяываютсяываютсяываютсяываютсяываютсяываютсяываютсяываютсяываютсяываютсяываютсяываютсяываютсяываютсяываютсяываютсяываютсяываютсяываютсяываютсяываютсяываютсяываютсяютсяываютсяываютсяываютсяываютсяываютсяываютсяываютсяываютсяываютсяываютсяываютсяываютсяываютсяываютсяываютсяываютсяываютсяываютсяываютсяываютсяываютсяываютсяываютсяываютсяываютсяываютсяываютсяываютсяываютсяываютсяываютсяываютсяываютсяываютсяываютсяываютсяываютсяываютсяываютсяываютсяываютсяываютсяываютсяываютсяываются", "numeric_answer": null, "relative_error": null, "thinking_text": null, "has_tool_call": false, "tool_call": null, "usage": {"prompt_tokens": 107, "completion_tokens": 256, "total_tokens": 363, "token_count_source": "tokenizer"}, "decoding": {"temperature": 0.2, "top_p": null, "top_k": null, "max_tokens": 256, "seed": 42}, "prompt_tokens": 107, "completion_tokens": 256, "total_tokens": 363, "token_count_source": "tokenizer", "diffusion_steps": null, "flops_estimate": null, "flops_arch": null, "flops_model_params": null, "flops_active_params": null, "tokens_non_final": 1, "tokens_reasoning": 0, "tokens_response": 1, "elapsed_seconds": 18.687937259674072, "judgement": "Uncategorized"}
{"id": "tips_001127", "topic": "tips", "subtopic": "tips_service", "prompt": "Bill is $24.64; service fee 0% and tip 20%. About how much do you pay in total?", "exact_value": 29.57, "model": "tiiuae/Falcon-H1-7B-Instruct", "provider": "transformers", "response": "Finalютсяываютсяываютсяываютсяываютсяываютсяываютсяываютсяываютсяываютсяываютсяываютсяываютсяываютсяываютсяываютсяываютсяываютсяываютсяываютсяываютсяываютсяываютсяываютсяываютсяываютсяываютсяываютсяываютсяываютсяываютсяываютсяываютсяываютсяываютсяываютсяываютсяываютсяываютсяываютсяываютсяываютсяываютсяываютсяываютсяываютсяываютсяываютсяываютсяываютсяываютсяываютсяываютсяываютсяываютсяываютсяываютсяываютсяываютсяываютсяываютсяываютсяываютсяываютсяываютсяываютсяываютсяываютсяываютсяываютсяываютсяываютсяываютсяываютсяываютсяываютсяываютсяываютсяываютсяываютсяываютсяываютсяываютсяываютсяываютсяываютсяываютсяываютсяываютсяываютсяываютсяываютсяываютсяываютсяываютсяываютсяываютсяываютсяываютсяываютсяываютсяываютсяываютсяываютсяываютсяываютсяываютсяываютсяываютсяываютсяываютсяываютсяываютсяываютсяываютсяываютсяываютсяываютсяываютсяываютсяываютсяываютсяываютсяываютсяываютсяываютсяываютсяываютсяываютсяываютсяываютсяываютсяываютсяываютсяываютсяываютсяываютсяываютсяываютсяываютсяываютсяываютсяываютсяываютсяываютсяываютсяываютсяываютсяываютсяываютсяываютсяываютсяываютсяываютсяываютсяываютсяываютсяываютсяываютсяываютсяываютсяываютсяываютсяываютсяываютсяываютсяываютсяываютсяываютсяываютсяываютсяываютсяываютсяываютсяываютсяываютсяываютсяываютсяываютсяываютсяываютсяываютсяываютсяываютсяываютсяываютсяываютсяываютсяываютсяываютсяываютсяываютсяываютсяываютсяываютсяываютсяываютсяываютсяываютсяываютсяываютсяываютсяываютсяываютсяываютсяываютсяываютсяываютсяютсяываютсяываютсяываютсяываютсяываютсяываютсяываютсяываютсяываютсяываютсяываютсяываютсяываютсяываютсяываютсяываютсяываютсяываютсяываютсяываютсяываютсяываютсяываютсяываютсяываютсяываютсяываютсяываютсяываютсяываютсяываютсяываютсяываютсяываютсяываютсяываютсяываютсяываютсяываютсяываютсяываютсяываютсяываютсяываютсяываютсяываются", "numeric_answer": null, "relative_error": null, "thinking_text": null, "has_tool_call": false, "tool_call": null, "usage": {"prompt_tokens": 107, "completion_tokens": 256, "total_tokens": 363, "token_count_source": "tokenizer"}, "decoding": {"temperature": 0.2, "top_p": null, "top_k": null, "max_tokens": 256, "seed": 42}, "prompt_tokens": 107, "completion_tokens": 256, "total_tokens": 363, "token_count_source": "tokenizer", "diffusion_steps": null, "flops_estimate": null, "flops_arch": null, "flops_model_params": null, "flops_active_params": null, "tokens_non_final": 1, "tokens_reasoning": 0, "tokens_response": 1, "elapsed_seconds": 18.605708360671997, "judgement": "Uncategorized"}
{"id": "tips_001147", "topic": "tips", "subtopic": "tips_service", "prompt": "Bill is $56.58; service fee 0% and tip 22%. About how much do you pay in total?", "exact_value": 69.03, "model": "tiiuae/Falcon-H1-7B-Instruct", "provider": "transformers", "response": "Finalются примерно путем расчета общей суммы платежа путем прибавления к стоимости билета стоимости чаевых согласно проценту чаевыхываются примерно путем расчета общей суммы платежа путем прибавления стоимости чаевых согласно проценту чаевых к стоимости билетаются примерно путем расчета общей суммы платежа путем прибавления стоимости чаевых согласно проценту чаевых к стоимости билетаются примерно путем расчета общей суммы платежа путем прибавления стоимости чаевых согласно проценту чаевых к стоимости билетаются примерно путем расчета общей суммы платежа путем прибавления стоимости чаевых согласно проценту чаевых к стоимости билетаются примерно путем расчета общей суммы платежа путем прибавления стоимости чаевых согласно проценту чаевых к стоимости билетаются примерно путем расчета общей суммы платежа путем прибавления стоимости чаевых согласно проценту чаевых к стоимости билетаются примерно путем расчета общей суммы платежа путем прибавления стоимости чаевых согласно проценту чаевых к стоимости билетаются примерно путем расчета общей суммы платежа путем прибавления стоимости чаевых согласно проценту чаевых к стоимости билетаются примерно путем расчета общей суммы платежа путем прибавления стоимости чаевых согласно проценту чаевых к стоимости билетаются примерно путем расчета", "numeric_answer": null, "relative_error": null, "thinking_text": null, "has_tool_call": false, "tool_call": null, "usage": {"prompt_tokens": 107, "completion_tokens": 256, "total_tokens": 363, "token_count_source": "tokenizer"}, "decoding": {"temperature": 0.2, "top_p": null, "top_k": null, "max_tokens": 256, "seed": 42}, "prompt_tokens": 107, "completion_tokens": 256, "total_tokens": 363, "token_count_source": "tokenizer", "diffusion_steps": null, "flops_estimate": null, "flops_arch": null, "flops_model_params": null, "flops_active_params": null, "tokens_non_final": 164, "tokens_reasoning": 0, "tokens_response": 164, "elapsed_seconds": 18.531797885894775, "judgement": "Uncategorized"}
{"id": "tips_001167", "topic": "tips", "subtopic": "tips_service", "prompt": "Bill is $37.99; service fee 5% and tip 18%. About how much do you pay in total?", "exact_value": 47.07, "model": "tiiuae/Falcon-H1-7B-Instruct", "provider": "transformers", "response": "Finalютсяываютсяываютсяываютсяываютсяываютсяываютсяываютсяываютсяываютсяываютсяываютсяываютсяываютсяываютсяываютсяываютсяываютсяываютсяываютсяываютсяываютсяываютсяываютсяываютсяываютсяываютсяываютсяываютсяываютсяываютсяываютсяываютсяываютсяываютсяываютсяываютсяываютсяываютсяываютсяываютсяываютсяываютсяываютсяываютсяываютсяываютсяываютсяываютсяываютсяываютсяываютсяываютсяываютсяываютсяываютсяываютсяываютсяываютсяываютсяываютсяываютсяываютсяываютсяываютсяываютсяываютсяываютсяываютсяываютсяываютсяываютсяываютсяываютсяываютсяываютсяываютсяываютсяываютсяываютсяываютсяываютсяываютсяываютсяываютсяываютсяываютсяываютсяываютсяываютсяываютсяываютсяываютсяываютсяываютсяываютсяываютсяываютсяываютсяываютсяываютсяываютсяываютсяываютсяываютсяываютсяываютсяываютсяываютсяываютсяываютсяываютсяываютсяываютсяываютсяываютсяываютсяываютсяываютсяываютсяываютсяываютсяываютсяываютсяываютсяываютсяываютсяываютсяываютсяываютсяываютсяываютсяываютсяываютсяываютсяываютсяываютсяываютсяываютсяываютсяываютсяываютсяываютсяываютсяываютсяываютсяываютсяываютсяываютсяываютсяываютсяываютсяываютсяываютсяываютсяываютсяываютсяываютсяываютсяываютсяываютсяываютсяываютсяываютсяываютсяываютсяываютсяываютсяываютсяываютсяываютсяываютсяываютсяываютсяываютсяываютсяываютсяываютсяываютсяываютсяываютсяываютсяываютсяываютсяываютсяываютсяываютсяываютсяываютсяываютсяываютсяываютсяываютсяываютсяываютсяываютсяываютсяываютсяываютсяываютсяываютсяываютсяываютсяываютсяываютсяываютсяываютсяываютсяываютсяываютсяываютсяываютсяываютсяываютсяываютсяываютсяываютсяываютсяываютсяываютсяываютсяываютсяываютсяываютсяываютсяываютсяываютсяываютсяываютсяываютсяываютсяываютсяываютсяываютсяываютсяываютсяываютсяываютсяываютсяываютсяываютсяываютсяываютсяываютсяываютсяываютсяываютсяываютсяываютсяываютсяываютсяываютсяываютсяываютсяываются", "numeric_answer": null, "relative_error": null, "thinking_text": null, "has_tool_call": false, "tool_call": null, "usage": {"prompt_tokens": 107, "completion_tokens": 256, "total_tokens": 363, "token_count_source": "tokenizer"}, "decoding": {"temperature": 0.2, "top_p": null, "top_k": null, "max_tokens": 256, "seed": 42}, "prompt_tokens": 107, "completion_tokens": 256, "total_tokens": 363, "token_count_source": "tokenizer", "diffusion_steps": null, "flops_estimate": null, "flops_arch": null, "flops_model_params": null, "flops_active_params": null, "tokens_non_final": 1, "tokens_reasoning": 0, "tokens_response": 1, "elapsed_seconds": 18.781980752944946, "judgement": "Uncategorized"}
{"id": "tips_001187", "topic": "tips", "subtopic": "tips_service", "prompt": "Bill is $68.55; service fee 0% and tip 22%. About how much do you pay in total?", "exact_value": 83.63, "model": "tiiuae/Falcon-H1-7B-Instruct", "provider": "transformers", "response": "Finalются примерно путем вычисления конечной суммы после учета стоимости счета и чаевых согласно следующему плану действийются примерно путем вычисления конечной суммы после учета стоимости счетаются примерно путем вычисления конечной суммы после учета стоимости счетаются примерно путем вычисления конечной суммы после учета стоимости счетаются примерно путем вычисления конечной суммы после учета стоимости счетаются примерно путем вычисления конечной суммы после учета стоимости счетаются примерно путем вычисления конечной суммы после учета стоимости счетаются примерно путем вычисления конечной суммы после учета стоимости счетаются примерно путем вычисления конечной суммы после учета стоимости счетаются примерно путем вычисления конечной суммы после учета стоимости счетаются примерно путем вычисления конечной суммы после учета стоимости счетаются примерно путем вычисления конечной суммы после учета стоимости счетаются примерно путемются примерно путемются примерно путемются примерно путемются примерно путемются примерно путемются примерно путемются примерно путемются примерно путемются примерно путемются примерно путемются примерно путемются примерно путемются примерно путемются примерно путемются примерно путемются примерно путемются примерно путемются примерно путемются примерно путемются примерно путемются примерно путем", "numeric_answer": null, "relative_error": null, "thinking_text": null, "has_tool_call": false, "tool_call": null, "usage": {"prompt_tokens": 107, "completion_tokens": 256, "total_tokens": 363, "token_count_source": "tokenizer"}, "decoding": {"temperature": 0.2, "top_p": null, "top_k": null, "max_tokens": 256, "seed": 42}, "prompt_tokens": 107, "completion_tokens": 256, "total_tokens": 363, "token_count_source": "tokenizer", "diffusion_steps": null, "flops_estimate": null, "flops_arch": null, "flops_model_params": null, "flops_active_params": null, "tokens_non_final": 159, "tokens_reasoning": 0, "tokens_response": 159, "elapsed_seconds": 18.42200756072998, "judgement": "Uncategorized"}
{"id": "tips_001207", "topic": "tips", "subtopic": "tips_service", "prompt": "Bill is $73.94; service fee 5% and tip 20%. About how much do you pay in total?", "exact_value": 93.16, "model": "tiiuae/Falcon-H1-7B-Instruct", "provider": "transformers", "response": "Finalютсяываютсяываютсяываютсяываютсяываютсяываютсяываютсяываютсяываютсяываютсяываютсяываютсяываютсяываютсяываютсяываютсяываютсяываютсяываютсяываютсяываютсяываютсяываютсяываютсяываютсяываютсяываютсяываютсяываютсяываютсяываютсяываютсяываютсяываютсяываютсяываютсяываютсяываютсяываютсяываютсяываютсяываютсяываютсяываютсяываютсяываютсяываютсяываютсяываютсяываютсяываютсяываютсяываютсяываютсяываютсяываютсяываютсяываютсяываютсяываютсяываютсяываютсяываютсяываютсяываютсяываютсяываютсяываютсяываютсяываютсяываютсяываютсяываютсяываютсяываютсяываютсяываютсяываютсяываютсяываютсяываютсяываютсяываютсяываютсяываютсяываютсяываютсяываютсяываютсяываютсяываютсяываютсяываютсяываютсяываютсяываютсяываютсяываютсяываютсяываютсяываютсяываютсяываютсяываютсяываютсяываютсяываютсяываютсяываютсяываютсяываютсяываютсяываютсяываютсяываютсяываютсяываютсяываютсяываютсяываютсяываютсяываютсяываютсяываютсяываютсяываютсяываютсяываютсяываютсяываютсяываютсяываютсяываютсяываютсяываютсяываютсяываютсяываютсяываютсяываютсяываютсяываютсяываютсяываютсяываютсяываютсяываютсяываютсяываютсяываютсяываютсяываютсяываютсяываютсяываютсяываютсяываютсяываютсяываютсяываютсяываютсяываютсяываютсяываютсяываютсяываютсяываютсяываютсяываютсяываютсяываютсяываютсяываютсяываютсяываютсяываютсяываютсяываютсяываютсяываютсяываютсяываютсяываютсяываютсяываютсяываютсяываютсяываютсяываютсяываютсяываютсяываютсяываютсяываютсяываютсяываютсяываютсяываютсяываютсяываютсяываютсяываютсяываютсяываютсяываютсяываютсяываютсяываютсяываютсяываютсяываютсяываютсяываютсяываютсяываютсяываютсяываютсяываютсяываютсяываютсяываютсяываютсяываютсяываютсяываютсяываютсяываютсяываютсяываютсяываютсяываютсяываютсяываютсяываютсяываютсяываютсяываютсяываютсяываютсяываютсяываютсяываютсяываютсяываютсяываютсяываютсяываютсяываютсяываютсяываютсяываютсяываютсяываютсяываются", "numeric_answer": null, "relative_error": null, "thinking_text": null, "has_tool_call": false, "tool_call": null, "usage": {"prompt_tokens": 107, "completion_tokens": 256, "total_tokens": 363, "token_count_source": "tokenizer"}, "decoding": {"temperature": 0.2, "top_p": null, "top_k": null, "max_tokens": 256, "seed": 42}, "prompt_tokens": 107, "completion_tokens": 256, "total_tokens": 363, "token_count_source": "tokenizer", "diffusion_steps": null, "flops_estimate": null, "flops_arch": null, "flops_model_params": null, "flops_active_params": null, "tokens_non_final": 1, "tokens_reasoning": 0, "tokens_response": 1, "elapsed_seconds": 18.383302927017212, "judgement": "Uncategorized"}
{"id": "tips_001227", "topic": "tips", "subtopic": "tips_service", "prompt": "Bill is $89.16; service fee 0% and tip 20%. About how much do you pay in total?", "exact_value": 106.99, "model": "tiiuae/Falcon-H1-7B-Instruct", "provider": "transformers", "response": "Finalютсяываютсяываютсяываютсяываютсяываютсяываютсяываютсяываютсяываютсяываютсяываютсяываютсяываютсяываютсяываютсяываютсяываютсяываютсяываютсяываютсяываютсяываютсяываютсяываютсяываютсяываютсяываютсяываютсяываютсяываютсяываютсяываютсяываютсяываютсяываютсяываютсяываютсяываютсяываютсяываютсяываютсяываютсяываютсяываютсяываютсяываютсяываютсяываютсяываютсяываютсяываютсяываютсяываютсяываютсяываютсяываютсяываютсяываютсяываютсяываютсяываютсяываютсяываютсяываютсяываютсяываютсяываютсяываютсяываютсяываютсяываютсяываютсяываютсяываютсяываютсяываютсяываютсяываютсяываютсяываютсяываютсяываютсяываютсяываютсяываютсяываютсяываютсяываютсяываютсяываютсяываютсяываютсяываютсяываютсяываютсяываютсяываютсяываютсяываютсяываютсяываютсяываютсяываютсяываютсяываютсяываютсяываютсяываютсяываютсяываютсяываютсяываютсяываютсяываютсяываютсяываютсяываютсяываютсяываютсяываютсяываютсяываютсяютсяываютсяываютсяываютсяываютсяываютсяываютсяываютсяываютсяываютсяываютсяываютсяываютсяываютсяываютсяываютсяываютсяываютсяываютсяываютсяываютсяываютсяываютсяываютсяываютсяываютсяываютсяываютсяываютсяываютсяываютсяываютсяываютсяываютсяываютсяываютсяываютсяываютсяываютсяываютсяываютсяываютсяываютсяываютсяываютсяываютсяываютсяываютсяываютсяываютсяываютсяываютсяываютсяываютсяываютсяываютсяываютсяываютсяываютсяываютсяываютсяываютсяываютсяываютсяываютсяываютсяываютсяываютсяываютсяываютсяываютсяываютсяываютсяываютсяываютсяываютсяываютсяываютсяываютсяываютсяываютсяываютсяываютсяываютсяываютсяываютсяываютсяываютсяываютсяываютсяываютсяываютсяываютсяываютсяываютсяываютсяываютсяываютсяываютсяываютсяываютсяываютсяываютсяываютсяываютсяываютсяываютсяываютсяываютсяываютсяываютсяываютсяываютсяываютсяываютсяютсяываютсяываютсяываютсяываютсяываютсяываютсяываютсяываютсяываютсяываютсяываютсяываютсяываютсяываютсяываютсяываются", "numeric_answer": null, "relative_error": null, "thinking_text": null, "has_tool_call": false, "tool_call": null, "usage": {"prompt_tokens": 107, "completion_tokens": 256, "total_tokens": 363, "token_count_source": "tokenizer"}, "decoding": {"temperature": 0.2, "top_p": null, "top_k": null, "max_tokens": 256, "seed": 42}, "prompt_tokens": 107, "completion_tokens": 256, "total_tokens": 363, "token_count_source": "tokenizer", "diffusion_steps": null, "flops_estimate": null, "flops_arch": null, "flops_model_params": null, "flops_active_params": null, "tokens_non_final": 1, "tokens_reasoning": 0, "tokens_response": 1, "elapsed_seconds": 18.352728605270386, "judgement": "Uncategorized"}
{"id": "tips_001247", "topic": "tips", "subtopic": "tips_service", "prompt": "Bill is $77.57; service fee 0% and tip 22%. About how much do you pay in total?", "exact_value": 94.64, "model": "tiiuae/Falcon-H1-7B-Instruct", "provider": "transformers", "response": "Finalются примерно путем прибавления процентов к исходной сумме согласно условиямфикацииируем путем прибавления процентов согласно условиямфикациируется путем прибавления процентов согласно условиямфикациируется путем прибавления процентов согласно условиямфикациируется путем прибавления процентов согласно условиямфикациируется путем прибавления процентов согласно условиямфикациируется путем прибавления процентов согласно условиямфикациируется путем прибавления процентов согласно условиямфикациируется путем прибавления процентов согласно условиямфикациируется путем прибавления процентов согласно условиямфикациируется путем прибавления процентов согласно условиямфикациируется путем прибавления процентов согласно условиямфикациируется путем прибавления процентов согласно условиямфикациируется путем прибавления процентов согласно условиямфикациируется путем прибавления процентов согласно условиямфикациируется путем прибавления процентов согласно условиямфикациируется путем прибавления процентов согласно условиямфикациируется путем прибавления процентов согласно условиямфикациируется путем прибавления процентов согласно условиямфикациируется путем прибавления процентов согласно условиямфикациируется путем прибавления процентов согласно условиямфикациируется путем прибавления процентов согласно условиямфикациируется путем прибавления процентов согласно условиямфикациируется путем прибавления процентов согласно условиямфикациируется путем прибавления процентов согласно условиям", "numeric_answer": null, "relative_error": null, "thinking_text": null, "has_tool_call": false, "tool_call": null, "usage": {"prompt_tokens": 107, "completion_tokens": 256, "total_tokens": 363, "token_count_source": "tokenizer"}, "decoding": {"temperature": 0.2, "top_p": null, "top_k": null, "max_tokens": 256, "seed": 42}, "prompt_tokens": 107, "completion_tokens": 256, "total_tokens": 363, "token_count_source": "tokenizer", "diffusion_steps": null, "flops_estimate": null, "flops_arch": null, "flops_model_params": null, "flops_active_params": null, "tokens_non_final": 130, "tokens_reasoning": 0, "tokens_response": 130, "elapsed_seconds": 18.26354956626892, "judgement": "Uncategorized"}
{"id": "tips_001267", "topic": "tips", "subtopic": "tips_service", "prompt": "Bill is $17.65; service fee 0% and tip 15%. About how much do you pay in total?", "exact_value": 20.3, "model": "tiiuae/Falcon-H1-7B-Instruct", "provider": "transformers", "response": "Finalютсяываютсяываютсяываютсяываютсяываютсяываютсяываютсяываютсяываютсяываютсяываютсяываютсяываютсяываютсяываютсяываютсяютсяываютсяываютсяываютсяываютсяываютсяютсяываютсяываютсяываютсяываютсяываютсяываютсяютсяываютсяываютсяываютсяываютсяываютсяываютсяютсяываютсяываютсяываютсяываютсяываютсяываютсяютсяываютсяываютсяываютсяываютсяываютсяываютсяютсяываютсяываютсяываютсяываютсяываютсяываютсяютсяываютсяываютсяываютсяываютсяываютсяываютсяютсяываютсяываютсяываютсяываютсяываютсяываютсяютсяываютсяываютсяываютсяываютсяываютсяываютсяютсяываютсяываютсяываютсяываютсяываютсяываютсяютсяываютсяываютсяываютсяываютсяываютсяываютсяютсяываютсяываютсяываютсяываютсяываютсяываютсяютсяываютсяываютсяываютсяываютсяываютсяываютсяютсяываютсяываютсяываютсяываютсяываютсяываютсяютсяываютсяываютсяываютсяываютсяываютсяываютсяютсяываютсяываютсяываютсяываютсяываютсяываютсяютсяываютсяываютсяываютсяываютсяываютсяываютсяютсяываютсяываютсяываютсяываютсяываютсяываютсяютсяываютсяываютсяываютсяываютсяываютсяываютсяютсяываютсяываютсяываютсяываютсяываютсяываютсяютсяываютсяываютсяываютсяываютсяываютсяываютсяютсяываютсяываютсяываютсяываютсяываютсяываютсяютсяываютсяываютсяываютсяываютсяываютсяываютсяютсяываютсяываютсяываютсяываютсяываютсяываютсяютсяываютсяываютсяываютсяываютсяываютсяываютсяютсяываютсяываютсяываютсяываютсяываютсяываютсяютсяываютсяываютсяываютсяываютсяываютсяываютсяютсяываютсяываютсяываютсяываютсяываютсяываютсяютсяываютсяываютсяываютсяываютсяываютсяываютсяютсяываютсяываютсяываютсяываютсяываютсяываютсяютсяываютсяываютсяываютсяываютсяываютсяываютсяютсяываютсяываютсяываютсяываютсяываютсяываютсяютсяываютсяываютсяываютсяываютсяываютсяываютсяютсяываютсяываютсяываютсяываютсяываютсяываютсяются", "numeric_answer": null, "relative_error": null, "thinking_text": null, "has_tool_call": false, "tool_call": null, "usage": {"prompt_tokens": 107, "completion_tokens": 256, "total_tokens": 363, "token_count_source": "tokenizer"}, "decoding": {"temperature": 0.2, "top_p": null, "top_k": null, "max_tokens": 256, "seed": 42}, "prompt_tokens": 107, "completion_tokens": 256, "total_tokens": 363, "token_count_source": "tokenizer", "diffusion_steps": null, "flops_estimate": null, "flops_arch": null, "flops_model_params": null, "flops_active_params": null, "tokens_non_final": 1, "tokens_reasoning": 0, "tokens_response": 1, "elapsed_seconds": 18.46281123161316, "judgement": "Uncategorized"}
{"id": "tips_001287", "topic": "tips", "subtopic": "tips_service", "prompt": "Bill is $107.76; service fee 5% and tip 15%. About how much do you pay in total?", "exact_value": 130.12, "model": "tiiuae/Falcon-H1-7B-Instruct", "provider": "transformers", "response": "Finalютсяываютсяываютсяываютсяываютсяываютсяываютсяываютсяываютсяываютсяываютсяываютсяываютсяываютсяываютсяываютсяываютсяываютсяываютсяываютсяываютсяываютсяываютсяываютсяываютсяываютсяываютсяываютсяываютсяываютсяываютсяываютсяываютсяываютсяываютсяываютсяываютсяываютсяываютсяываютсяываютсяываютсяываютсяываютсяываютсяываютсяываютсяываютсяываютсяываютсяываютсяываютсяываютсяываютсяываютсяываютсяываютсяываютсяываютсяываютсяываютсяываютсяываютсяываютсяываютсяываютсяываютсяываютсяываютсяываютсяываютсяываютсяываютсяываютсяываютсяываютсяываютсяываютсяываютсяываютсяываютсяываютсяываютсяываютсяываютсяываютсяываютсяываютсяываютсяываютсяываютсяываютсяываютсяываютсяываютсяываютсяываютсяываютсяываютсяываютсяываютсяываютсяываютсяываютсяываютсяываютсяываютсяываютсяываютсяываютсяываютсяываютсяываютсяываютсяываютсяываютсяываютсяываютсяываютсяываютсяываютсяютсяываютсяываютсяываютсяываютсяываютсяываютсяываютсяываютсяываютсяываютсяываютсяываютсяываютсяываютсяываютсяываютсяываютсяываютсяываютсяываютсяываютсяываютсяываютсяываютсяываютсяываютсяываютсяываютсяываютсяываютсяываютсяываютсяываютсяываютсяываютсяываютсяываютсяываютсяываютсяютсяываютсяываютсяываютсяываютсяываютсяываютсяютсяываютсяютсяываютсяываютсяываютсяываютсяываютсяываютсяываютсяютсяываютсяываютсяываютсяываютсяываютсяываютсяываютсяютсяываютсяютсяываютсяываютсяываютсяываютсяываютсяываютсяываютсяютсяываютсяываютсяываютсяываютсяываютсяываютсяываютсяютсяываютсяютсяываютсяываютсяываютсяываютсяываютсяютсяываютсяютсяываютсяютсяываютсяываютсяываютсяываютсяываютсяываютсяываютсяютсяываютсяютсяываютсяываютсяываютсяютсяываютсяютсяываютсяютсяываютсяываютсяываютсяываютсяываютсяываютсяютсяываютсяютсяываютсяютсяываютсяываютсяютсяываютсяываютсяываютсяываютсяываютсяываются", "numeric_answer": null, "relative_error": null, "thinking_text": null, "has_tool_call": false, "tool_call": null, "usage": {"prompt_tokens": 108, "completion_tokens": 256, "total_tokens": 364, "token_count_source": "tokenizer"}, "decoding": {"temperature": 0.2, "top_p": null, "top_k": null, "max_tokens": 256, "seed": 42}, "prompt_tokens": 108, "completion_tokens": 256, "total_tokens": 364, "token_count_source": "tokenizer", "diffusion_steps": null, "flops_estimate": null, "flops_arch": null, "flops_model_params": null, "flops_active_params": null, "tokens_non_final": 1, "tokens_reasoning": 0, "tokens_response": 1, "elapsed_seconds": 18.241117000579834, "judgement": "Uncategorized"}
{"id": "tips_001307", "topic": "tips", "subtopic": "tips_service", "prompt": "Bill is $49.18; service fee 0% and tip 20%. About how much do you pay in total?", "exact_value": 59.02, "model": "tiiuae/Falcon-H1-7B-Instruct", "provider": "transformers", "response": "Finalются примерно путем расчета общей суммы платежа путем прибавления к стоимости счета стоимости чаевых согласно проценту от стоимости счетаются примерно путем расчета общей суммы платежа путем прибавления стоимости чаевых согласно проценту от стоимости счетаются примерно путем расчета общей суммы платежа путем прибавления стоимости чаевых согласно проценту от стоимости счетаются примерно путем прибавления к стоимости счета стоимости чаевых согласно процентуются примерно путем прибавления к стоимости счета стоимости чаевых согласно процентуются примерно путем прибавления к стоимости счета стоимости чаевых согласно процентуются примерно путем прибавления к стоимости счета стоимости чаевых согласно процентуются примерно путем прибавления к стоимости счета стоимости чаевых согласно процентуются примерно путем прибавления к стоимости счета стоимости чаевых согласно процентуются примерно путем прибавления к стоимости счета стоимости чаевых согласно процентуются примерно путем прибавления к стоимости счета стоимости чаевых согласно процентуются примерно путем прибавления к стоимости счета стоимости чаевых согласно процентуются примерно путем прибавления к стоимости счета стоимости чаевых согласно процентуются примерно путем прибавления к стоимости счета стоимости чаевых согласно процентуются примерно путем прибавления", "numeric_answer": null, "relative_error": null, "thinking_text": null, "has_tool_call": false, "tool_call": null, "usage": {"prompt_tokens": 107, "completion_tokens": 256, "total_tokens": 363, "token_count_source": "tokenizer"}, "decoding": {"temperature": 0.2, "top_p": null, "top_k": null, "max_tokens": 256, "seed": 42}, "prompt_tokens": 107, "completion_tokens": 256, "total_tokens": 363, "token_count_source": "tokenizer", "diffusion_steps": null, "flops_estimate": null, "flops_arch": null, "flops_model_params": null, "flops_active_params": null, "tokens_non_final": 162, "tokens_reasoning": 0, "tokens_response": 162, "elapsed_seconds": 18.290979623794556, "judgement": "Uncategorized"}
{"id": "tips_001327", "topic": "tips", "subtopic": "tips_service", "prompt": "Bill is $43.49; service fee 5% and tip 18%. About how much do you pay in total?", "exact_value": 53.88, "model": "tiiuae/Falcon-H1-7B-Instruct", "provider": "transformers", "response": "Finalютсяываютсяываютсяываютсяываютсяываютсяываютсяываютсяываютсяываютсяываютсяываютсяываютсяываютсяываютсяываютсяываютсяываютсяютсяываютсяываютсяываютсяываютсяываютсяываютсяываютсяываютсяываютсяываютсяываютсяываютсяываютсяываютсяываютсяываютсяываютсяываютсяываютсяываютсяываютсяываютсяываютсяываютсяываютсяываютсяываютсяываютсяываютсяываютсяываютсяываютсяываютсяываютсяываютсяываютсяываютсяываютсяываютсяываютсяываютсяываютсяываютсяываютсяываютсяываютсяываютсяываютсяываютсяываютсяываютсяываютсяываютсяываютсяываютсяываютсяываютсяываютсяываютсяываютсяываютсяываютсяываютсяываютсяываютсяываютсяываютсяываютсяываютсяываютсяываютсяываютсяываютсяываютсяываютсяываютсяываютсяываютсяываютсяываютсяываютсяываютсяываютсяываютсяываютсяываютсяываютсяываютсяываютсяываютсяываютсяываютсяываютсяываютсяываютсяываютсяываютсяываютсяываютсяываютсяываютсяываютсяываютсяываютсяываютсяываютсяываютсяываютсяываютсяываютсяываютсяываютсяываютсяываютсяываютсяываютсяываютсяываютсяываютсяываютсяываютсяываютсяываютсяываютсяываютсяываютсяываютсяываютсяываютсяываютсяываютсяываютсяываютсяываютсяываютсяываютсяываютсяываютсяываютсяываютсяываютсяываютсяываютсяываютсяываютсяываютсяываютсяываютсяываютсяываютсяываютсяываютсяываютсяываютсяываютсяываютсяываютсяываютсяываютсяываютсяываютсяываютсяываютсяываютсяываютсяываютсяываютсяываютсяываютсяываютсяываютсяываютсяываютсяываютсяываютсяываютсяываютсяываютсяываютсяываютсяываютсяываютсяываютсяываютсяываютсяываютсяываютсяываютсяываютсяываютсяываютсяываютсяываютсяываютсяываютсяываютсяываютсяываютсяываютсяываютсяываютсяываютсяываютсяываютсяываютсяываютсяываютсяываютсяываютсяываютсяываютсяываютсяываютсяываютсяываютсяываютсяываютсяываютсяываютсяываютсяываютсяываютсяываютсяываютсяываютсяываютсяываютсяываютсяываютсяываютсяываютсяываютсяываютсяываютсяываютсяываются", "numeric_answer": null, "relative_error": null, "thinking_text": null, "has_tool_call": false, "tool_call": null, "usage": {"prompt_tokens": 107, "completion_tokens": 256, "total_tokens": 363, "token_count_source": "tokenizer"}, "decoding": {"temperature": 0.2, "top_p": null, "top_k": null, "max_tokens": 256, "seed": 42}, "prompt_tokens": 107, "completion_tokens": 256, "total_tokens": 363, "token_count_source": "tokenizer", "diffusion_steps": null, "flops_estimate": null, "flops_arch": null, "flops_model_params": null, "flops_active_params": null, "tokens_non_final": 1, "tokens_reasoning": 0, "tokens_response": 1, "elapsed_seconds": 18.32462787628174, "judgement": "Uncategorized"}
{"id": "fermi_000103", "topic": "fermi", "subtopic": "crowd_density", "prompt": "A plaza is about 70 m by 20 m, with roughly 4 people per square meter. About how many people are there?", "exact_value": 5600, "model": "tiiuae/Falcon-H1-7B-Instruct", "provider": "transformers", "response": "Finalютсяываютсяываютсяываютсяываютсяываютсяываютсяываютсяываютсяываютсяываютсяываютсяываютсяютсяываютсяываютсяываютсяываютсяываютсяютсяываютсяываютсяываютсяываютсяываютсяываютсяютсяываютсяываютсяываютсяываютсяываютсяываютсяютсяываютсяываютсяываютсяываютсяываютсяываютсяютсяываютсяываютсяываютсяываютсяываютсяываютсяютсяываютсяываютсяываютсяываютсяываютсяываютсяютсяываютсяываютсяываютсяываютсяываютсяываютсяютсяываютсяываютсяываютсяываютсяываютсяываютсяютсяываютсяываютсяываютсяываютсяываютсяываютсяютсяываютсяываютсяываютсяываютсяываютсяываютсяютсяываютсяываютсяываютсяываютсяываютсяываютсяютсяываютсяываютсяываютсяываютсяываютсяываютсяютсяываютсяываютсяываютсяываютсяываютсяываютсяютсяываютсяываютсяываютсяываютсяываютсяываютсяютсяываютсяываютсяываютсяываютсяываютсяываютсяютсяываютсяываютсяываютсяываютсяываютсяываютсяютсяываютсяываютсяываютсяываютсяываютсяываютсяютсяываютсяываютсяываютсяываютсяываютсяываютсяютсяываютсяываютсяываютсяываютсяываютсяываютсяютсяываютсяываютсяютсяываютсяываютсяываютсяываютсяываютсяываютсяютсяываютсяываютсяываютсяываютсяываютсяываютсяютсяываютсяываютсяываютсяютсяываютсяютсяываютсяываютсяываютсяываютсяываютсяываютсяютсяываютсяываютсяываютсяываютсяываютсяываютсяютсяываютсяываютсяываютсяываютсяываютсяываютсяютсяываютсяываютсяываютсяываютсяываютсяываютсяютсяываютсяываютсяываютсяываютсяываютсяываютсяютсяываютсяываютсяываютсяываютсяываютсяываютсяютсяываютсяываютсяываютсяываютсяываютсяываютсяютсяываютсяываютсяываютсяютсяываютсяютсяываютсяываютсяываютсяютсяываютсяютсяываютсяываютсяываютсяываютсяываютсяываютсяютсяываютсяываютсяываютсяываютсяываютсяываютсяютсяываютсяютсяываютсяываютсяютсяываютсяютсяываютсяываютсяываютсяываются", "numeric_answer": null, "relative_error": null, "thinking_text": null, "has_tool_call": false, "tool_call": null, "usage": {"prompt_tokens": 108, "completion_tokens": 256, "total_tokens": 364, "token_count_source": "tokenizer"}, "decoding": {"temperature": 0.2, "top_p": null, "top_k": null, "max_tokens": 256, "seed": 42}, "prompt_tokens": 108, "completion_tokens": 256, "total_tokens": 364, "token_count_source": "tokenizer", "diffusion_steps": null, "flops_estimate": null, "flops_arch": null, "flops_model_params": null, "flops_active_params": null, "tokens_non_final": 1, "tokens_reasoning": 0, "tokens_response": 1, "elapsed_seconds": 18.508723735809326, "judgement": "Uncategorized"}
{"id": "fermi_000123", "topic": "fermi", "subtopic": "crowd_density", "prompt": "A plaza is about 70 m by 35 m, with roughly 4 people per square meter. About how many people are there?", "exact_value": 9800, "model": "tiiuae/Falcon-H1-7B-Instruct", "provider": "transformers", "response": "Finalютсяываютсяываютсяываютсяываютсяываютсяываютсяываютсяываютсяываютсяываютсяываютсяываютсяываютсяываютсяываютсяываютсяютсяываютсяываютсяываютсяываютсяываютсяываютсяываютсяываютсяываютсяютсяываютсяываютсяываютсяываютсяываютсяываютсяываютсяываютсяываютсяютсяываютсяываютсяываютсяываютсяываютсяываютсяютсяываютсяываютсяываютсяываютсяываютсяютсяываютсяютсяываютсяываютсяываютсяываютсяываютсяываютсяютсяываютсяываютсяываютсяываютсяываютсяываютсяываютсяываютсяываютсяываютсяютсяываютсяываютсяываютсяываютсяываютсяываютсяываютсяютсяываютсяываютсяываютсяываютсяываютсяываютсяютсяываютсяываютсяываютсяываютсяываютсяываютсяютсяываютсяываютсяываютсяываютсяываютсяываютсяютсяываютсяютсяываютсяываютсяываютсяываютсяываютсяываютсяютсяываютсяываютсяываютсяываютсяываютсяываютсяютсяываютсяываютсяываютсяываютсяываютсяываютсяютсяываютсяютсяываютсяываютсяываютсяываютсяываютсяываютсяютсяываютсяютсяываютсяываютсяываютсяываютсяываютсяываютсяютсяываютсяютсяываютсяываютсяываютсяываютсяываютсяываютсяютсяываютсяютсяываютсяываютсяываютсяываютсяываютсяываютсяютсяываютсяютсяываютсяываютсяываютсяываютсяываютсяываютсяютсяываютсяютсяываютсяютсяываютсяютсяываютсяываютсяываютсяываютсяываютсяываютсяютсяываютсяютсяываютсяютсяываютсяютсяываютсяываютсяываютсяютсяываютсяютсяываютсяютсяываютсяютсяываютсяываютсяываютсяываютсяываютсяываютсяютсяываютсяютсяываютсяываютсяываютсяываютсяываютсяываютсяютсяываютсяютсяываютсяютсяываютсяютсяываютсяываютсяываютсяываютсяываютсяываютсяютсяываютсяютсяываютсяютсяываютсяютсяываютсяываютсяываютсяываютсяываютсяываютсяютсяываютсяютсяываютсяютсяываютсяютсяываютсяываютсяываютсяываютсяываютсяываютсяютсяываютсяютсяываются", "numeric_answer": null, "relative_error": null, "thinking_text": null, "has_tool_call": false, "tool_call": null, "usage": {"prompt_tokens": 108, "completion_tokens": 256, "total_tokens": 364, "token_count_source": "tokenizer"}, "decoding": {"temperature": 0.2, "top_p": null, "top_k": null, "max_tokens": 256, "seed": 42}, "prompt_tokens": 108, "completion_tokens": 256, "total_tokens": 364, "token_count_source": "tokenizer", "diffusion_steps": null, "flops_estimate": null, "flops_arch": null, "flops_model_params": null, "flops_active_params": null, "tokens_non_final": 1, "tokens_reasoning": 0, "tokens_response": 1, "elapsed_seconds": 18.377139568328857, "judgement": "Uncategorized"}
{"id": "fermi_000143", "topic": "fermi", "subtopic": "crowd_density", "prompt": "A plaza is about 30 m by 20 m, with roughly 1 people per square meter. About how many people are there?", "exact_value": 600, "model": "tiiuae/Falcon-H1-7B-Instruct", "provider": "transformers", "response": "Finalютсяываютсяываютсяываютсяываютсяываютсяываютсяываютсяываютсяываютсяываютсяываютсяываютсяютсяываютсяываютсяываютсяютсяываютсяываютсяываютсяютсяываютсяываютсяываютсяютсяываютсяываютсяютсяываютсяываютсяываютсяываютсяываютсяютсяываютсяываютсяываютсяываютсяываютсяываютсяютсяываютсяютсяываютсяываютсяываютсяютсяываютсяываютсяываютсяываютсяываютсяываютсяываютсяютсяываютсяываютсяываютсяываютсяываютсяываютсяываютсяываютсяываютсяываютсяываютсяываютсяываютсяываютсяываютсяываютсяываютсяываютсяываютсяываютсяываютсяываютсяываютсяываютсяываютсяываютсяываютсяываютсяываютсяываютсяываютсяываютсяываютсяываютсяываютсяываютсяываютсяываютсяываютсяываютсяываютсяываютсяываютсяываютсяываютсяываютсяываютсяываютсяываютсяываютсяываютсяываютсяываютсяываютсяываютсяываютсяываютсяываютсяываютсяываютсяываютсяываютсяываютсяываютсяываютсяываютсяываютсяываютсяываютсяываютсяываютсяываютсяываютсяываютсяываютсяываютсяываютсяываютсяываютсяываютсяываютсяываютсяываютсяываютсяываютсяываютсяываютсяываютсяываютсяываютсяываютсяываютсяываютсяываютсяываютсяываютсяываютсяываютсяываютсяываютсяываютсяываютсяываютсяываютсяываютсяываютсяываютсяываютсяываютсяываютсяываютсяываютсяываютсяываютсяываютсяываютсяываютсяываютсяываютсяываютсяываютсяываютсяываютсяываютсяываютсяываютсяываютсяываютсяываютсяываютсяываютсяываютсяываютсяываютсяываютсяываютсяываютсяываютсяываютсяываютсяываютсяываютсяываютсяываютсяываютсяываютсяываютсяываютсяываютсяываютсяываютсяываютсяываютсяываютсяываютсяываютсяываютсяываютсяываютсяываютсяываютсяываютсяываютсяываютсяываютсяываютсяываютсяываютсяываютсяываютсяываютсяываютсяываютсяываютсяываютсяываютсяываютсяываютсяываютсяываютсяываютсяываютсяываютсяываютсяываютсяываютсяываютсяываютсяываютсяываютсяываютсяываютсяываютсяываютсяываютсяываютсяываютсяываютсяываются", "numeric_answer": null, "relative_error": null, "thinking_text": null, "has_tool_call": false, "tool_call": null, "usage": {"prompt_tokens": 108, "completion_tokens": 256, "total_tokens": 364, "token_count_source": "tokenizer"}, "decoding": {"temperature": 0.2, "top_p": null, "top_k": null, "max_tokens": 256, "seed": 42}, "prompt_tokens": 108, "completion_tokens": 256, "total_tokens": 364, "token_count_source": "tokenizer", "diffusion_steps": null, "flops_estimate": null, "flops_arch": null, "flops_model_params": null, "flops_active_params": null, "tokens_non_final": 1, "tokens_reasoning": 0, "tokens_response": 1, "elapsed_seconds": 18.64049506187439, "judgement": "Uncategorized"}
{"id": "fermi_000163", "topic": "fermi", "subtopic": "crowd_density", "prompt": "A plaza is about 70 m by 35 m, with roughly 3 people per square meter. About how many people are there?", "exact_value": 7350, "model": "tiiuae/Falcon-H1-7B-Instruct", "provider": "transformers", "response": "Finalютсяываютсяываютсяываютсяываютсяываютсяываютсяываютсяываютсяываютсяываютсяываютсяываютсяываютсяываютсяываютсяютсяываютсяываютсяываютсяываютсяываютсяываютсяываютсяываютсяываютсяываютсяываютсяываютсяываютсяываютсяываютсяываютсяываютсяываютсяютсяываютсяываютсяываютсяываютсяываютсяываютсяютсяываютсяываютсяываютсяываютсяываютсяываютсяываютсяютсяываютсяываютсяываютсяываютсяываютсяываютсяываютсяываютсяываютсяываютсяываютсяываютсяываютсяываютсяываютсяютсяываютсяываютсяываютсяываютсяываютсяываютсяываютсяываютсяываютсяываютсяываютсяываютсяываютсяываютсяываютсяываютсяываютсяываютсяываютсяываютсяываютсяываютсяываютсяываютсяываютсяываютсяываютсяываютсяываютсяываютсяываютсяываютсяываютсяываютсяываютсяываютсяываютсяываютсяываютсяываютсяываютсяываютсяываютсяываютсяываютсяываютсяываютсяываютсяываютсяываютсяываютсяываютсяываютсяываютсяываютсяываютсяываютсяываютсяываютсяываютсяываютсяываютсяываютсяываютсяываютсяываютсяываютсяываютсяываютсяываютсяываютсяываютсяываютсяываютсяываютсяываютсяываютсяываютсяываютсяываютсяываютсяываютсяываютсяываютсяываютсяываютсяываютсяываютсяываютсяываютсяываютсяываютсяываютсяываютсяываютсяываютсяываютсяываютсяываютсяываютсяываютсяываютсяываютсяываютсяываютсяываютсяываютсяываютсяываютсяываютсяываютсяываютсяываютсяываютсяываютсяываютсяываютсяываютсяываютсяываютсяываютсяютсяываютсяываютсяываютсяываютсяываютсяываютсяываютсяываютсяываютсяываютсяываютсяываютсяываютсяываютсяываютсяываютсяываютсяываютсяываютсяываютсяываютсяываютсяываютсяываютсяываютсяываютсяываютсяываютсяываютсяываютсяываютсяываютсяываютсяываютсяываютсяываютсяываютсяываютсяываютсяываютсяываютсяываютсяываютсяываютсяываютсяываютсяываютсяываютсяываютсяываютсяываютсяываютсяываютсяываютсяываютсяываютсяываютсяываютсяываютсяываютсяываютсяываютсяываютсяываютсяываютсяываются", "numeric_answer": null, "relative_error": null, "thinking_text": null, "has_tool_call": false, "tool_call": null, "usage": {"prompt_tokens": 108, "completion_tokens": 256, "total_tokens": 364, "token_count_source": "tokenizer"}, "decoding": {"temperature": 0.2, "top_p": null, "top_k": null, "max_tokens": 256, "seed": 42}, "prompt_tokens": 108, "completion_tokens": 256, "total_tokens": 364, "token_count_source": "tokenizer", "diffusion_steps": null, "flops_estimate": null, "flops_arch": null, "flops_model_params": null, "flops_active_params": null, "tokens_non_final": 1, "tokens_reasoning": 0, "tokens_response": 1, "elapsed_seconds": 18.482841968536377, "judgement": "Uncategorized"}
{"id": "fermi_000183", "topic": "fermi", "subtopic": "crowd_density", "prompt": "A plaza is about 40 m by 35 m, with roughly 3 people per square meter. About how many people are there?", "exact_value": 4200, "model": "tiiuae/Falcon-H1-7B-Instruct", "provider": "transformers", "response": "Finalютсяываютсяываютсяываютсяываютсяываютсяываютсяываютсяываютсяываютсяываютсяываютсяываютсяываютсяываютсяываютсяываютсяютсяываютсяываютсяываютсяываютсяываютсяютсяываютсяываютсяываютсяютсяываютсяываютсяываютсяываютсяываютсяываютсяютсяываютсяываютсяываютсяютсяываютсяываютсяываютсяываютсяываютсяываютсяываютсяютсяываютсяютсяываютсяываютсяываютсяываютсяываютсяываютсяываютсяываютсяываютсяываютсяываютсяываютсяываютсяываютсяываютсяываютсяываютсяываютсяываютсяываютсяываютсяываютсяываютсяываютсяываютсяываютсяываютсяываютсяютсяываютсяываютсяываютсяываютсяываютсяываютсяываютсяываютсяываютсяываютсяываютсяываютсяываютсяютсяываютсяываютсяываютсяываютсяываютсяываютсяываютсяываютсяываютсяываютсяютсяываютсяютсяываютсяываютсяываютсяываютсяываютсяываютсяываютсяютсяываютсяютсяываютсяываютсяываютсяываютсяываютсяываютсяываютсяютсяываютсяютсяываютсяываютсяываютсяываютсяываютсяываютсяываютсяютсяываютсяютсяываютсяываютсяываютсяываютсяываютсяываютсяываютсяютсяываютсяютсяываютсяываютсяываютсяываютсяываютсяываютсяываютсяютсяываютсяютсяываютсяываютсяываютсяываютсяываютсяываютсяютсяываютсяютсяываютсяываютсяютсяываютсяываютсяываютсяываютсяываютсяываютсяываютсяютсяываютсяютсяываютсяываютсяютсяываютсяываютсяываютсяываютсяываютсяываютсяываютсяютсяываютсяютсяываютсяываютсяютсяываютсяываютсяываютсяываютсяываютсяываютсяываютсяютсяываютсяютсяываютсяываютсяютсяываютсяываютсяываютсяываютсяываютсяываютсяываютсяютсяываютсяютсяываютсяываютсяютсяываютсяываютсяываютсяываютсяываютсяываютсяываютсяютсяываютсяютсяываютсяываютсяютсяываютсяываютсяываютсяываютсяываютсяываютсяываютсяютсяываютсяютсяываютсяываютсяютсяываютсяываютсяываютсяываютсяываютсяываютсяываютсяютсяываютсяются", "numeric_answer": null, "relative_error": null, "thinking_text": null, "has_tool_call": false, "tool_call": null, "usage": {"prompt_tokens": 108, "completion_tokens": 256, "total_tokens": 364, "token_count_source": "tokenizer"}, "decoding": {"temperature": 0.2, "top_p": null, "top_k": null, "max_tokens": 256, "seed": 42}, "prompt_tokens": 108, "completion_tokens": 256, "total_tokens": 364, "token_count_source": "tokenizer", "diffusion_steps": null, "flops_estimate": null, "flops_arch": null, "flops_model_params": null, "flops_active_params": null, "tokens_non_final": 1, "tokens_reasoning": 0, "tokens_response": 1, "elapsed_seconds": 18.483782052993774, "judgement": "Uncategorized"}
{"id": "fermi_000203", "topic": "fermi", "subtopic": "crowd_density", "prompt": "A plaza is about 50 m by 20 m, with roughly 4 people per square meter. About how many people are there?", "exact_value": 4000, "model": "tiiuae/Falcon-H1-7B-Instruct", "provider": "transformers", "response": "Finalютсяываютсяываютсяываютсяываютсяываютсяываютсяываютсяываютсяываютсяываютсяываютсяываютсяываютсяываютсяываютсяываютсяываютсяютсяываютсяываютсяываютсяываютсяываютсяютсяываютсяываютсяываютсяываютсяываютсяываютсяютсяываютсяываютсяываютсяываютсяываютсяываютсяютсяываютсяываютсяываютсяютсяываютсяютсяываютсяываютсяываютсяываютсяютсяываютсяываютсяываютсяываютсяываютсяываютсяютсяываютсяываютсяываютсяываютсяываютсяываютсяютсяываютсяываютсяываютсяываютсяываютсяываютсяютсяываютсяываютсяываютсяываютсяываютсяываютсяютсяываютсяываютсяываютсяываютсяываютсяываютсяютсяываютсяываютсяываютсяываютсяываютсяываютсяютсяываютсяываютсяываютсяываютсяываютсяываютсяютсяываютсяываютсяываютсяываютсяываютсяываютсяютсяываютсяываютсяываютсяываютсяываютсяываютсяютсяываютсяываютсяываютсяываютсяываютсяываютсяютсяываютсяываютсяываютсяываютсяываютсяываютсяютсяываютсяываютсяываютсяываютсяываютсяываютсяютсяываютсяываютсяываютсяываютсяываютсяываютсяютсяываютсяываютсяываютсяютсяываютсяываютсяываютсяываютсяываютсяываютсяютсяываютсяываютсяываютсяываютсяываютсяываютсяютсяываютсяываютсяываютсяываютсяываютсяываютсяютсяываютсяываютсяываютсяываютсяываютсяываютсяютсяываютсяываютсяываютсяываютсяываютсяываютсяютсяываютсяываютсяываютсяываютсяываютсяываютсяютсяываютсяываютсяываютсяываютсяываютсяываютсяютсяываютсяываютсяываютсяываютсяываютсяываютсяютсяываютсяываютсяываютсяютсяываютсяываютсяываютсяютсяываютсяываютсяываютсяютсяываютсяываютсяываютсяютсяываютсяываютсяываютсяываютсяываютсяываютсяютсяываютсяютсяываютсяываютсяываютсяютсяываютсяываютсяываютсяютсяываютсяываютсяываютсяютсяываютсяываютсяываютсяютсяываютсяываютсяываютсяютсяываютсяываютсяываютсяютсяываютсяываютсяываютсяютсяываются", "numeric_answer": null, "relative_error": null, "thinking_text": null, "has_tool_call": false, "tool_call": null, "usage": {"prompt_tokens": 108, "completion_tokens": 256, "total_tokens": 364, "token_count_source": "tokenizer"}, "decoding": {"temperature": 0.2, "top_p": null, "top_k": null, "max_tokens": 256, "seed": 42}, "prompt_tokens": 108, "completion_tokens": 256, "total_tokens": 364, "token_count_source": "tokenizer", "diffusion_steps": null, "flops_estimate": null, "flops_arch": null, "flops_model_params": null, "flops_active_params": null, "tokens_non_final": 1, "tokens_reasoning": 0, "tokens_response": 1, "elapsed_seconds": 18.632898569107056, "judgement": "Uncategorized"}
{"id": "fermi_000223", "topic": "fermi", "subtopic": "crowd_density", "prompt": "A plaza is about 40 m by 20 m, with roughly 1 people per square meter. About how many people are there?", "exact_value": 800, "model": "tiiuae/Falcon-H1-7B-Instruct", "provider": "transformers", "response": "Finalютсяываютсяываютсяываютсяываютсяываютсяютсяываютсяываютсяютсяываютсяываютсяываютсяютсяываютсяываютсяываютсяютсяываютсяываютсяютсяываютсяютсяываютсяываютсяютсяываютсяываютсяютсяываютсяываютсяютсяываютсяютсяываютсяываютсяютсяываютсяываютсяютсяываютсяываютсяютсяываютсяютсяываютсяываютсяютсяываютсяываютсяютсяываютсяываютсяютсяываютсяываютсяютсяываютсяываютсяютсяываютсяываютсяютсяываютсяютсяываютсяываютсяютсяываютсяываютсяютсяываютсяываютсяютсяываютсяываютсяютсяываютсяываютсяютсяываютсяываютсяютсяываютсяываютсяютсяываютсяываютсяютсяываютсяываютсяютсяываютсяываютсяютсяываютсяываютсяютсяываютсяываютсяютсяываютсяываютсяютсяываютсяываютсяютсяываютсяываютсяютсяываютсяываютсяютсяываютсяываютсяютсяываютсяываютсяютсяываютсяываютсяютсяываютсяываютсяютсяываютсяываютсяютсяываютсяываютсяютсяываютсяываютсяютсяываютсяываютсяютсяываютсяываютсяютсяываютсяываютсяютсяываютсяываютсяютсяываютсяываютсяютсяываютсяываютсяютсяываютсяываютсяютсяываютсяываютсяютсяываютсяываютсяютсяываютсяываютсяютсяываютсяываютсяютсяываютсяываютсяютсяываютсяываютсяютсяываютсяываютсяютсяываютсяываютсяютсяываютсяываютсяютсяываютсяываютсяютсяываютсяываютсяютсяываютсяываютсяютсяываютсяываютсяютсяываютсяываютсяютсяываютсяываютсяютсяываютсяываютсяютсяываютсяываютсяютсяываютсяютсяываютсяываютсяютсяываютсяываютсяютсяываютсяываютсяютсяываютсяываютсяютсяываютсяываютсяютсяываютсяываютсяютсяываютсяываютсяютсяываютсяываютсяютсяываютсяываютсяютсяываютсяываютсяютсяываютсяываютсяютсяываютсяываютсяютсяываютсяываютсяютсяываютсяываютсяютсяываютсяываютсяютсяываютсяываются", "numeric_answer": null, "relative_error": null, "thinking_text": null, "has_tool_call": false, "tool_call": null, "usage": {"prompt_tokens": 108, "completion_tokens": 256, "total_tokens": 364, "token_count_source": "tokenizer"}, "decoding": {"temperature": 0.2, "top_p": null, "top_k": null, "max_tokens": 256, "seed": 42}, "prompt_tokens": 108, "completion_tokens": 256, "total_tokens": 364, "token_count_source": "tokenizer", "diffusion_steps": null, "flops_estimate": null, "flops_arch": null, "flops_model_params": null, "flops_active_params": null, "tokens_non_final": 1, "tokens_reasoning": 0, "tokens_response": 1, "elapsed_seconds": 18.5973002910614, "judgement": "Uncategorized"}
{"id": "fermi_000243", "topic": "fermi", "subtopic": "crowd_density", "prompt": "A plaza is about 50 m by 35 m, with roughly 1 people per square meter. About how many people are there?", "exact_value": 1750, "model": "tiiuae/Falcon-H1-7B-Instruct", "provider": "transformers", "response": "Finalютсяываютсяываютсяываютсяываютсяываютсяываютсяываютсяываютсяываютсяываютсяываютсяываютсяываютсяываютсяываютсяываютсяываютсяываютсяываютсяываютсяываютсяываютсяываютсяываютсяываютсяываютсяываютсяываютсяываютсяываютсяываютсяываютсяываютсяываютсяываютсяываютсяываютсяываютсяываютсяываютсяываютсяываютсяываютсяываютсяываютсяываютсяываютсяываютсяываютсяываютсяываютсяываютсяываютсяываютсяываютсяываютсяываютсяываютсяываютсяываютсяываютсяываютсяываютсяываютсяываютсяываютсяываютсяываютсяываютсяываютсяываютсяываютсяываютсяываютсяываютсяываютсяываютсяываютсяываютсяываютсяываютсяываютсяютсяываютсяютсяываютсяываютсяываютсяываютсяываютсяываютсяываютсяываютсяываютсяываютсяываютсяываютсяываютсяываютсяываютсяываютсяываютсяываютсяываютсяютсяываютсяываютсяываютсяываютсяываютсяютсяываютсяываютсяываютсяываютсяываютсяываютсяютсяываютсяываютсяываютсяываютсяываютсяываютсяываютсяютсяываютсяютсяываютсяываютсяываютсяютсяываютсяютсяываютсяываютсяываютсяютсяываютсяютсяываютсяываютсяютсяываютсяютсяываютсяываютсяютсяываютсяываютсяываютсяютсяываютсяютсяываютсяютсяываютсяютсяываютсяываютсяютсяываютсяываютсяываютсяютсяываютсяютсяываютсяываютсяютсяываютсяываютсяываютсяютсяываютсяываютсяываютсяютсяываютсяываютсяываютсяютсяываютсяютсяываютсяываютсяываютсяютсяываютсяютсяываютсяываютсяываютсяютсяываютсяютсяываютсяываютсяютсяываютсяютсяываютсяываютсяютсяываютсяываютсяываютсяютсяываютсяютсяываютсяютсяываютсяютсяываютсяываютсяютсяываютсяываютсяываютсяютсяываютсяютсяываютсяываютсяютсяываютсяютсяываютсяываютсяютсяываютсяютсяываютсяютсяываютсяютсяываютсяютсяываютсяываютсяютсяываютсяываютсяываютсяютсяываютсяютсяываютсяютсяываютсяютсяываютсяываются", "numeric_answer": null, "relative_error": null, "thinking_text": null, "has_tool_call": false, "tool_call": null, "usage": {"prompt_tokens": 108, "completion_tokens": 256, "total_tokens": 364, "token_count_source": "tokenizer"}, "decoding": {"temperature": 0.2, "top_p": null, "top_k": null, "max_tokens": 256, "seed": 42}, "prompt_tokens": 108, "completion_tokens": 256, "total_tokens": 364, "token_count_source": "tokenizer", "diffusion_steps": null, "flops_estimate": null, "flops_arch": null, "flops_model_params": null, "flops_active_params": null, "tokens_non_final": 1, "tokens_reasoning": 0, "tokens_response": 1, "elapsed_seconds": 18.457268714904785, "judgement": "Uncategorized"}
{"id": "fermi_000263", "topic": "fermi", "subtopic": "crowd_density", "prompt": "A plaza is about 40 m by 30 m, with roughly 1 people per square meter. About how many people are there?", "exact_value": 1200, "model": "tiiuae/Falcon-H1-7B-Instruct", "provider": "transformers", "response": "Finalютсяываютсяываютсяываютсяываютсяываютсяываютсяываютсяываютсяываютсяываютсяываютсяываютсяываютсяываютсяываютсяываютсяютсяываютсяываютсяываютсяываютсяываютсяютсяываютсяываютсяываютсяываютсяываютсяываютсяютсяываютсяываютсяываютсяываютсяываютсяываютсяютсяываютсяываютсяываютсяываютсяываютсяываютсяютсяываютсяываютсяываютсяываютсяываютсяываютсяютсяываютсяываютсяываютсяываютсяываютсяываютсяютсяываютсяываютсяываютсяютсяываютсяываютсяываютсяываютсяываютсяываютсяютсяываютсяываютсяываютсяываютсяываютсяываютсяютсяываютсяываютсяываютсяываютсяываютсяываютсяютсяываютсяываютсяываютсяываютсяываютсяываютсяютсяываютсяываютсяываютсяываютсяываютсяываютсяютсяываютсяываютсяываютсяываютсяываютсяываютсяютсяываютсяываютсяываютсяываютсяываютсяываютсяютсяываютсяываютсяываютсяываютсяываютсяываютсяютсяываютсяываютсяываютсяываютсяываютсяываютсяютсяываютсяываютсяываютсяываютсяываютсяываютсяютсяываютсяываютсяываютсяываютсяываютсяываютсяютсяываютсяываютсяываютсяываютсяываютсяываютсяютсяываютсяываютсяываютсяываютсяываютсяываютсяютсяываютсяываютсяываютсяываютсяываютсяываютсяютсяываютсяываютсяываютсяываютсяываютсяываютсяютсяываютсяываютсяываютсяываютсяываютсяываютсяютсяываютсяываютсяываютсяываютсяываютсяываютсяютсяываютсяываютсяываютсяываютсяываютсяываютсяютсяываютсяываютсяываютсяываютсяываютсяываютсяютсяываютсяываютсяываютсяываютсяываютсяываютсяютсяываютсяываютсяываютсяываютсяываютсяываютсяютсяываютсяываютсяываютсяываютсяываютсяываютсяютсяываютсяываютсяываютсяываютсяываютсяываютсяютсяываютсяываютсяываютсяываютсяываютсяываютсяютсяываютсяываютсяываютсяываютсяываютсяываютсяютсяываютсяываютсяываютсяываютсяываютсяываютсяютсяываютсяываютсяываютсяываютсяываютсяываютсяютсяываютсяываютсяываются", "numeric_answer": null, "relative_error": null, "thinking_text": null, "has_tool_call": false, "tool_call": null, "usage": {"prompt_tokens": 108, "completion_tokens": 256, "total_tokens": 364, "token_count_source": "tokenizer"}, "decoding": {"temperature": 0.2, "top_p": null, "top_k": null, "max_tokens": 256, "seed": 42}, "prompt_tokens": 108, "completion_tokens": 256, "total_tokens": 364, "token_count_source": "tokenizer", "diffusion_steps": null, "flops_estimate": null, "flops_arch": null, "flops_model_params": null, "flops_active_params": null, "tokens_non_final": 1, "tokens_reasoning": 0, "tokens_response": 1, "elapsed_seconds": 18.531694173812866, "judgement": "Uncategorized"}
{"id": "fermi_000283", "topic": "fermi", "subtopic": "crowd_density", "prompt": "A plaza is about 40 m by 20 m, with roughly 1 people per square meter. About how many people are there?", "exact_value": 800, "model": "tiiuae/Falcon-H1-7B-Instruct", "provider": "transformers", "response": "Finalютсяываютсяываютсяываютсяываютсяываютсяываютсяываютсяываютсяываютсяываютсяываютсяываютсяываютсяываютсяываютсяываютсяютсяываютсяываютсяываютсяываютсяываютсяываютсяываютсяываютсяываютсяываютсяываютсяываютсяютсяываютсяываютсяываютсяываютсяываютсяываютсяываютсяываютсяываютсяютсяываютсяываютсяываютсяываютсяываютсяываютсяютсяываютсяютсяываютсяываютсяываютсяываютсяываютсяываютсяютсяываютсяываютсяываютсяываютсяываютсяываютсяютсяываютсяываютсяываютсяываютсяываютсяываютсяютсяываютсяываютсяываютсяываютсяываютсяываютсяютсяываютсяываютсяываютсяываютсяываютсяываютсяютсяываютсяываютсяываютсяываютсяываютсяываютсяютсяываютсяываютсяываютсяываютсяываютсяываютсяютсяываютсяываютсяываютсяываютсяываютсяываютсяютсяываютсяываютсяываютсяываютсяываютсяываютсяютсяываютсяываютсяываютсяываютсяываютсяываютсяютсяываютсяываютсяываютсяываютсяываютсяываютсяютсяываютсяываютсяываютсяываютсяываютсяываютсяютсяываютсяываютсяываютсяываютсяываютсяываютсяютсяываютсяываютсяываютсяываютсяываютсяываютсяютсяываютсяываютсяываютсяываютсяываютсяываютсяютсяываютсяываютсяываютсяываютсяываютсяываютсяютсяываютсяываютсяываютсяываютсяываютсяываютсяютсяываютсяываютсяываютсяываютсяываютсяываютсяютсяываютсяываютсяываютсяываютсяываютсяываютсяютсяываютсяываютсяываютсяываютсяываютсяываютсяютсяываютсяываютсяываютсяываютсяываютсяываютсяютсяываютсяываютсяываютсяываютсяываютсяываютсяютсяываютсяываютсяываютсяываютсяываютсяываютсяютсяываютсяываютсяываютсяываютсяываютсяываютсяютсяываютсяываютсяываютсяываютсяываютсяываютсяютсяываютсяываютсяываютсяываютсяываютсяываютсяютсяываютсяываютсяываютсяываютсяываютсяываютсяютсяываютсяываютсяываютсяываютсяываютсяываютсяютсяываютсяываютсяютсяываютсяываютсяываютсяываютсяываютсяываются", "numeric_answer": null, "relative_error": null, "thinking_text": null, "has_tool_call": false, "tool_call": null, "usage": {"prompt_tokens": 108, "completion_tokens": 256, "total_tokens": 364, "token_count_source": "tokenizer"}, "decoding": {"temperature": 0.2, "top_p": null, "top_k": null, "max_tokens": 256, "seed": 42}, "prompt_tokens": 108, "completion_tokens": 256, "total_tokens": 364, "token_count_source": "tokenizer", "diffusion_steps": null, "flops_estimate": null, "flops_arch": null, "flops_model_params": null, "flops_active_params": null, "tokens_non_final": 1, "tokens_reasoning": 0, "tokens_response": 1, "elapsed_seconds": 18.53859257698059, "judgement": "Uncategorized"}
{"id": "fermi_000303", "topic": "fermi", "subtopic": "crowd_density", "prompt": "A plaza is about 70 m by 25 m, with roughly 3 people per square meter. About how many people are there?", "exact_value": 5250, "model": "tiiuae/Falcon-H1-7B-Instruct", "provider": "transformers", "response": "Finalютсяываютсяываютсяываютсяываютсяываютсяываютсяываютсяываютсяываютсяютсяываютсяываютсяываютсяываютсяываютсяываютсяютсяываютсяываютсяываютсяютсяываютсяываютсяютсяываютсяютсяываютсяываютсяываютсяютсяываютсяываютсяываютсяываютсяываютсяютсяываютсяываютсяываютсяываютсяываютсяываютсяютсяываютсяываютсяютсяываютсяютсяываютсяютсяываютсяютсяываютсяютсяываютсяютсяываютсяютсяываютсяютсяываютсяютсяываютсяютсяываютсяютсяываютсяютсяываютсяютсяываютсяютсяываютсяютсяываютсяютсяываютсяютсяываютсяютсяываютсяютсяываютсяютсяываютсяютсяываютсяютсяываютсяютсяываютсяютсяываютсяютсяываютсяютсяываютсяютсяываютсяютсяываютсяютсяываютсяютсяываютсяютсяываютсяютсяываютсяютсяываютсяютсяываютсяютсяываютсяютсяываютсяютсяываютсяютсяываютсяютсяываютсяютсяываютсяютсяываютсяютсяываютсяютсяываютсяютсяываютсяютсяываютсяютсяываютсяютсяываютсяютсяываютсяютсяываютсяютсяываютсяютсяываютсяютсяываютсяютсяываютсяютсяываютсяютсяываютсяютсяываютсяютсяываютсяютсяываютсяютсяываютсяютсяываютсяютсяываютсяютсяываютсяютсяываютсяютсяываютсяютсяываютсяютсяываютсяютсяываютсяютсяываютсяютсяываютсяютсяываютсяютсяываютсяютсяываютсяютсяываютсяютсяываютсяютсяываютсяютсяываютсяютсяываютсяютсяываютсяютсяываютсяютсяываютсяютсяываютсяютсяываютсяютсяываютсяютсяываютсяютсяываютсяютсяываютсяютсяываютсяютсяываютсяютсяываютсяютсяываютсяютсяываютсяютсяываютсяютсяываютсяютсяываютсяютсяываютсяютсяываютсяютсяываютсяютсяываютсяютсяываютсяютсяываютсяютсяываютсяютсяываютсяютсяываютсяютсяываютсяются", "numeric_answer": null, "relative_error": null, "thinking_text": null, "has_tool_call": false, "tool_call": null, "usage": {"prompt_tokens": 108, "completion_tokens": 256, "total_tokens": 364, "token_count_source": "tokenizer"}, "decoding": {"temperature": 0.2, "top_p": null, "top_k": null, "max_tokens": 256, "seed": 42}, "prompt_tokens": 108, "completion_tokens": 256, "total_tokens": 364, "token_count_source": "tokenizer", "diffusion_steps": null, "flops_estimate": null, "flops_arch": null, "flops_model_params": null, "flops_active_params": null, "tokens_non_final": 1, "tokens_reasoning": 0, "tokens_response": 1, "elapsed_seconds": 18.522039890289307, "judgement": "Uncategorized"}
{"id": "fermi_000323", "topic": "fermi", "subtopic": "crowd_density", "prompt": "A plaza is about 70 m by 20 m, with roughly 3 people per square meter. About how many people are there?", "exact_value": 4200, "model": "tiiuae/Falcon-H1-7B-Instruct", "provider": "transformers", "response": "Finalютсяываютсяываютсяываютсяываютсяываютсяываютсяываютсяываютсяываютсяываютсяываютсяываютсяываютсяываютсяываютсяютсяываютсяываютсяываютсяываютсяываютсяываютсяываютсяываютсяываютсяываютсяываютсяываютсяютсяываютсяываютсяываютсяываютсяываютсяываютсяываютсяываютсяываютсяютсяываютсяываютсяываютсяываютсяываютсяываютсяютсяываютсяываютсяываютсяываютсяываютсяываютсяываютсяютсяываютсяываютсяютсяываютсяываютсяываютсяютсяываютсяываютсяываютсяываютсяываютсяываютсяываютсяываютсяываютсяываютсяываютсяываютсяываютсяываютсяываютсяываютсяываютсяютсяываютсяываютсяываютсяываютсяываютсяываютсяываютсяываютсяываютсяываютсяываютсяываютсяываютсяываютсяываютсяываютсяываютсяываютсяываютсяываютсяываютсяываютсяываютсяютсяываютсяываютсяываютсяываютсяываютсяываютсяываютсяываютсяываютсяываютсяываютсяываютсяываютсяываютсяываютсяываютсяываютсяываютсяываютсяываютсяываютсяываютсяываютсяываютсяываютсяываютсяываютсяываютсяываютсяываютсяываютсяываютсяываютсяываютсяываютсяываютсяываютсяываютсяываютсяываютсяываютсяываютсяываютсяываютсяываютсяываютсяываютсяываютсяываютсяываютсяываютсяываютсяываютсяываютсяываютсяываютсяываютсяываютсяываютсяываютсяываютсяываютсяываютсяываютсяываютсяываютсяываютсяываютсяываютсяываютсяываютсяываютсяываютсяываютсяываютсяываютсяываютсяываютсяываютсяываютсяываютсяываютсяываютсяываютсяываютсяываютсяываютсяываютсяываютсяываютсяываютсяываютсяываютсяываютсяываютсяываютсяываютсяываютсяываютсяываютсяываютсяываютсяываютсяываютсяываютсяываютсяываютсяываютсяываютсяываютсяываютсяываютсяываютсяываютсяываютсяываютсяываютсяываютсяываютсяываютсяываютсяываютсяываютсяютсяываютсяываютсяываютсяываютсяываютсяываютсяываютсяываютсяываютсяываютсяываютсяываютсяываютсяываютсяываютсяываютсяываютсяываютсяываютсяываютсяываютсяютсяываютсяываютсяываютсяываютсяываются", "numeric_answer": null, "relative_error": null, "thinking_text": null, "has_tool_call": false, "tool_call": null, "usage": {"prompt_tokens": 108, "completion_tokens": 256, "total_tokens": 364, "token_count_source": "tokenizer"}, "decoding": {"temperature": 0.2, "top_p": null, "top_k": null, "max_tokens": 256, "seed": 42}, "prompt_tokens": 108, "completion_tokens": 256, "total_tokens": 364, "token_count_source": "tokenizer", "diffusion_steps": null, "flops_estimate": null, "flops_arch": null, "flops_model_params": null, "flops_active_params": null, "tokens_non_final": 1, "tokens_reasoning": 0, "tokens_response": 1, "elapsed_seconds": 18.574074745178223, "judgement": "Uncategorized"}
{"id": "fermi_000343", "topic": "fermi", "subtopic": "crowd_density", "prompt": "A plaza is about 60 m by 30 m, with roughly 4 people per square meter. About how many people are there?", "exact_value": 7200, "model": "tiiuae/Falcon-H1-7B-Instruct", "provider": "transformers", "response": "Finalютсяываютсяываютсяываютсяываютсяываютсяываютсяываютсяываютсяываютсяываютсяываютсяываютсяываютсяываютсяываютсяываютсяываютсяываютсяютсяываютсяываютсяываютсяываютсяываютсяываютсяываютсяываютсяываютсяываютсяываютсяютсяываютсяываютсяываютсяываютсяютсяываютсяываютсяываютсяываютсяютсяываютсяываютсяываютсяываютсяываютсяютсяываютсяываютсяываютсяываютсяываютсяываютсяываютсяываютсяываютсяываютсяываютсяываютсяываютсяываютсяываютсяываютсяютсяываютсяываютсяываютсяываютсяываютсяываютсяываютсяываютсяываютсяываютсяываютсяываютсяываютсяываютсяываютсяываютсяываютсяываютсяываютсяываютсяываютсяываютсяываютсяываютсяываютсяываютсяываютсяываютсяываютсяываютсяываютсяываютсяываютсяываютсяываютсяываютсяываютсяываютсяываютсяываютсяываютсяываютсяываютсяываютсяываютсяываютсяываютсяываютсяываютсяываютсяываютсяываютсяываютсяываютсяываютсяываютсяываютсяываютсяываютсяываютсяываютсяываютсяываютсяываютсяываютсяываютсяываютсяываютсяываютсяываютсяываютсяываютсяываютсяываютсяываютсяываютсяываютсяываютсяываютсяываютсяываютсяываютсяываютсяываютсяываютсяываютсяываютсяываютсяываютсяываютсяываютсяываютсяываютсяываютсяываютсяываютсяываютсяываютсяываютсяываютсяываютсяываютсяываютсяываютсяываютсяываютсяываютсяываютсяываютсяываютсяываютсяываютсяываютсяываютсяываютсяываютсяываютсяываютсяываютсяываютсяываютсяываютсяываютсяываютсяываютсяываютсяываютсяываютсяываютсяываютсяываютсяываютсяываютсяываютсяываютсяываютсяываютсяываютсяываютсяываютсяываютсяываютсяываютсяываютсяываютсяываютсяываютсяываютсяываютсяываютсяываютсяываютсяываютсяываютсяываютсяываютсяываютсяываютсяываютсяываютсяываютсяютсяываютсяютсяываютсяываютсяываютсяываютсяываютсяываютсяываютсяываютсяываютсяываютсяываютсяываютсяываютсяываютсяываютсяываютсяываютсяываютсяываютсяываютсяываютсяываютсяываютсяываютсяываютсяываются", "numeric_answer": null, "relative_error": null, "thinking_text": null, "has_tool_call": false, "tool_call": null, "usage": {"prompt_tokens": 108, "completion_tokens": 256, "total_tokens": 364, "token_count_source": "tokenizer"}, "decoding": {"temperature": 0.2, "top_p": null, "top_k": null, "max_tokens": 256, "seed": 42}, "prompt_tokens": 108, "completion_tokens": 256, "total_tokens": 364, "token_count_source": "tokenizer", "diffusion_steps": null, "flops_estimate": null, "flops_arch": null, "flops_model_params": null, "flops_active_params": null, "tokens_non_final": 1, "tokens_reasoning": 0, "tokens_response": 1, "elapsed_seconds": 18.39188575744629, "judgement": "Uncategorized"}
{"id": "fermi_000363", "topic": "fermi", "subtopic": "crowd_density", "prompt": "A plaza is about 70 m by 20 m, with roughly 1 people per square meter. About how many people are there?", "exact_value": 1400, "model": "tiiuae/Falcon-H1-7B-Instruct", "provider": "transformers", "response": "Finalютсяываютсяываютсяываютсяываютсяываютсяываютсяываютсяываютсяываютсяываютсяываютсяываютсяываютсяываютсяываютсяываютсяываютсяываютсяываютсяываютсяываютсяываютсяываютсяываютсяываютсяываютсяываютсяываютсяываютсяываютсяываютсяываютсяываютсяываютсяываютсяываютсяываютсяываютсяываютсяываютсяываютсяываютсяываютсяываютсяываютсяютсяываютсяютсяываютсяываютсяываютсяываютсяываютсяываютсяываютсяываютсяываютсяываютсяываютсяываютсяываютсяютсяываютсяываютсяываютсяютсяываютсяютсяываютсяываютсяютсяываютсяываютсяываютсяютсяываютсяываютсяютсяываютсяываютсяываютсяютсяываютсяываютсяываютсяываютсяютсяываютсяываютсяываютсяываютсяываютсяютсяываютсяываютсяываютсяываютсяываютсяываютсяываютсяываютсяываютсяютсяываютсяютсяываютсяютсяываютсяываютсяываютсяютсяываютсяываютсяываютсяываютсяываютсяываютсяываютсяываютсяываютсяываютсяютсяываютсяютсяываютсяываютсяываютсяываютсяываютсяываютсяютсяываютсяютсяываютсяютсяываютсяываютсяываютсяютсяываютсяываютсяываютсяываютсяываютсяываютсяываютсяютсяываютсяютсяываютсяютсяываютсяываютсяываютсяютсяываютсяываютсяываютсяываютсяываютсяываютсяываютсяютсяываютсяютсяываютсяютсяываютсяываютсяютсяываютсяываютсяываютсяютсяываютсяываютсяываютсяываютсяываютсяываютсяываютсяютсяываютсяютсяываютсяютсяываютсяываютсяютсяываютсяываютсяываютсяютсяываютсяываютсяываютсяываютсяываютсяываютсяываютсяютсяываютсяютсяываютсяютсяываютсяываютсяютсяываютсяываютсяываютсяютсяываютсяываютсяываютсяываютсяываютсяываютсяываютсяютсяываютсяютсяываютсяютсяываютсяываютсяютсяываютсяываютсяываютсяютсяываютсяываютсяываютсяываютсяываютсяываютсяываютсяютсяываютсяютсяываютсяютсяываютсяываютсяютсяываютсяываютсяываютсяютсяываютсяываютсяываютсяываются", "numeric_answer": null, "relative_error": null, "thinking_text": null, "has_tool_call": false, "tool_call": null, "usage": {"prompt_tokens": 108, "completion_tokens": 256, "total_tokens": 364, "token_count_source": "tokenizer"}, "decoding": {"temperature": 0.2, "top_p": null, "top_k": null, "max_tokens": 256, "seed": 42}, "prompt_tokens": 108, "completion_tokens": 256, "total_tokens": 364, "token_count_source": "tokenizer", "diffusion_steps": null, "flops_estimate": null, "flops_arch": null, "flops_model_params": null, "flops_active_params": null, "tokens_non_final": 1, "tokens_reasoning": 0, "tokens_response": 1, "elapsed_seconds": 18.494626998901367, "judgement": "Uncategorized"}
{"id": "fermi_000383", "topic": "fermi", "subtopic": "crowd_density", "prompt": "A plaza is about 30 m by 30 m, with roughly 1 people per square meter. About how many people are there?", "exact_value": 900, "model": "tiiuae/Falcon-H1-7B-Instruct", "provider": "transformers", "response": "Finalютсяываютсяываютсяываютсяываютсяываютсяываютсяываютсяываютсяываютсяываютсяываютсяываютсяываютсяываютсяываютсяываютсяываютсяютсяываютсяываютсяываютсяываютсяываютсяютсяываютсяываютсяываютсяываютсяываютсяываютсяютсяываютсяываютсяываютсяываютсяываютсяываютсяютсяываютсяываютсяываютсяываютсяываютсяываютсяютсяываютсяываютсяываютсяываютсяываютсяываютсяютсяываютсяываютсяываютсяываютсяываютсяываютсяютсяываютсяываютсяываютсяываютсяываютсяываютсяютсяываютсяываютсяываютсяываютсяываютсяываютсяютсяываютсяываютсяываютсяываютсяываютсяываютсяютсяываютсяываютсяываютсяываютсяываютсяываютсяютсяываютсяываютсяываютсяываютсяываютсяываютсяютсяываютсяываютсяываютсяываютсяываютсяываютсяютсяываютсяываютсяываютсяываютсяываютсяываютсяютсяываютсяываютсяываютсяываютсяываютсяываютсяютсяываютсяываютсяываютсяываютсяываютсяываютсяютсяываютсяываютсяываютсяываютсяываютсяываютсяютсяываютсяываютсяываютсяываютсяываютсяываютсяютсяываютсяываютсяываютсяываютсяываютсяываютсяютсяываютсяываютсяываютсяываютсяываютсяываютсяютсяываютсяываютсяываютсяываютсяываютсяываютсяютсяываютсяываютсяываютсяываютсяываютсяываютсяютсяываютсяываютсяываютсяываютсяываютсяываютсяютсяываютсяываютсяываютсяываютсяываютсяываютсяютсяываютсяываютсяываютсяываютсяываютсяываютсяютсяываютсяываютсяываютсяываютсяываютсяываютсяютсяываютсяываютсяываютсяываютсяываютсяываютсяютсяываютсяываютсяываютсяываютсяываютсяываютсяютсяываютсяываютсяываютсяываютсяываютсяываютсяютсяываютсяываютсяываютсяываютсяываютсяываютсяютсяываютсяываютсяываютсяываютсяываютсяываютсяютсяываютсяываютсяываютсяываютсяываютсяываютсяютсяываютсяываютсяываютсяываютсяываютсяываютсяютсяываютсяываютсяываютсяываютсяываютсяываютсяютсяываютсяываютсяываютсяываютсяываютсяываются", "numeric_answer": null, "relative_error": null, "thinking_text": null, "has_tool_call": false, "tool_call": null, "usage": {"prompt_tokens": 108, "completion_tokens": 256, "total_tokens": 364, "token_count_source": "tokenizer"}, "decoding": {"temperature": 0.2, "top_p": null, "top_k": null, "max_tokens": 256, "seed": 42}, "prompt_tokens": 108, "completion_tokens": 256, "total_tokens": 364, "token_count_source": "tokenizer", "diffusion_steps": null, "flops_estimate": null, "flops_arch": null, "flops_model_params": null, "flops_active_params": null, "tokens_non_final": 1, "tokens_reasoning": 0, "tokens_response": 1, "elapsed_seconds": 18.47576355934143, "judgement": "Uncategorized"}
{"id": "fermi_000403", "topic": "fermi", "subtopic": "crowd_density", "prompt": "A plaza is about 40 m by 30 m, with roughly 2 people per square meter. About how many people are there?", "exact_value": 2400, "model": "tiiuae/Falcon-H1-7B-Instruct", "provider": "transformers", "response": "Finalютсяываютсяываютсяываютсяываютсяываютсяываютсяываютсяываютсяываютсяываютсяываютсяываютсяываютсяываютсяываютсяываютсяютсяываютсяываютсяываютсяываютсяываютсяываютсяываютсяываютсяываютсяываютсяываютсяываютсяываютсяываютсяываютсяываютсяютсяываютсяываютсяываютсяываютсяываютсяываютсяываютсяываютсяываютсяютсяываютсяываютсяываютсяываютсяываютсяютсяываютсяываютсяываютсяываютсяываютсяываютсяютсяываютсяываютсяываютсяываютсяываютсяываютсяываютсяютсяываютсяютсяываютсяываютсяываютсяываютсяываютсяываютсяываютсяываютсяываютсяываютсяываютсяываютсяываютсяываютсяываютсяываютсяываютсяютсяываютсяываютсяываютсяываютсяываютсяываютсяываютсяываютсяываютсяываютсяываютсяываютсяываютсяываютсяываютсяываютсяываютсяываютсяываютсяываютсяываютсяываютсяываютсяываютсяываютсяываютсяываютсяываютсяываютсяываютсяываютсяываютсяываютсяываютсяываютсяываютсяываютсяываютсяываютсяываютсяываютсяываютсяываютсяываютсяываютсяываютсяываютсяываютсяываютсяываютсяываютсяываютсяываютсяываютсяываютсяываютсяываютсяываютсяываютсяываютсяываютсяываютсяываютсяываютсяываютсяываютсяываютсяываютсяываютсяываютсяываютсяываютсяываютсяываютсяываютсяываютсяываютсяываютсяываютсяываютсяываютсяываютсяываютсяываютсяываютсяываютсяываютсяываютсяываютсяываютсяываютсяываютсяываютсяываютсяываютсяываютсяываютсяываютсяываютсяываютсяываютсяываютсяываютсяываютсяываютсяываютсяываютсяываютсяываютсяываютсяываютсяываютсяываютсяываютсяываютсяываютсяютсяываютсяываютсяываютсяываютсяываютсяываютсяываютсяываютсяываютсяываютсяываютсяываютсяываютсяываютсяываютсяываютсяываютсяываютсяываютсяываютсяываютсяываютсяываютсяываютсяываютсяываютсяываютсяываютсяываютсяываютсяываютсяываютсяываютсяываютсяываютсяываютсяываютсяываютсяываютсяываютсяываютсяываютсяываютсяываютсяываютсяываютсяываютсяываютсяываютсяываютсяываютсяываются", "numeric_answer": null, "relative_error": null, "thinking_text": null, "has_tool_call": false, "tool_call": null, "usage": {"prompt_tokens": 108, "completion_tokens": 256, "total_tokens": 364, "token_count_source": "tokenizer"}, "decoding": {"temperature": 0.2, "top_p": null, "top_k": null, "max_tokens": 256, "seed": 42}, "prompt_tokens": 108, "completion_tokens": 256, "total_tokens": 364, "token_count_source": "tokenizer", "diffusion_steps": null, "flops_estimate": null, "flops_arch": null, "flops_model_params": null, "flops_active_params": null, "tokens_non_final": 1, "tokens_reasoning": 0, "tokens_response": 1, "elapsed_seconds": 18.539133071899414, "judgement": "Uncategorized"}
{"id": "fermi_000423", "topic": "fermi", "subtopic": "crowd_density", "prompt": "A plaza is about 70 m by 20 m, with roughly 1 people per square meter. About how many people are there?", "exact_value": 1400, "model": "tiiuae/Falcon-H1-7B-Instruct", "provider": "transformers", "response": "Finalютсяываютсяываютсяываютсяываютсяываютсяываютсяываютсяываютсяываютсяываютсяываютсяываютсяываютсяываютсяываютсяываютсяютсяываютсяываютсяываютсяываютсяываютсяютсяываютсяываютсяываютсяываютсяываютсяютсяываютсяываютсяываютсяываютсяываютсяютсяываютсяываютсяываютсяываютсяываютсяютсяываютсяываютсяываютсяываютсяываютсяютсяываютсяываютсяываютсяываютсяываютсяютсяываютсяываютсяываютсяываютсяываютсяютсяываютсяютсяываютсяываютсяываютсяываютсяываютсяываютсяютсяываютсяютсяываютсяываютсяываютсяываютсяываютсяываютсяютсяываютсяютсяываютсяываютсяываютсяываютсяываютсяываютсяютсяываютсяютсяываютсяываютсяываютсяываютсяываютсяываютсяютсяываютсяютсяываютсяываютсяываютсяываютсяываютсяываютсяютсяываютсяютсяываютсяываютсяываютсяываютсяываютсяываютсяютсяываютсяютсяываютсяываютсяываютсяываютсяываютсяываютсяютсяываютсяютсяываютсяываютсяываютсяываютсяываютсяываютсяютсяываютсяютсяываютсяываютсяываютсяываютсяываютсяываютсяютсяываютсяютсяываютсяываютсяютсяываютсяываютсяываютсяываютсяываютсяываютсяютсяываютсяютсяываютсяываютсяываютсяываютсяываютсяываютсяютсяываютсяютсяываютсяываютсяютсяываютсяываютсяываютсяываютсяываютсяываютсяютсяываютсяютсяываютсяываютсяываютсяютсяываютсяютсяываютсяютсяываютсяютсяываютсяываютсяываютсяютсяываютсяютсяываютсяютсяываютсяютсяываютсяываютсяываютсяютсяываютсяютсяываютсяютсяываютсяютсяываютсяютсяываютсяываютсяываютсяютсяываютсяютсяываютсяютсяываютсяютсяываютсяываютсяываютсяютсяываютсяютсяываютсяютсяываютсяютсяываютсяютсяываютсяываютсяываютсяютсяываютсяютсяываютсяютсяываютсяютсяываютсяютсяываютсяываютсяываютсяютсяываютсяютсяываютсяютсяываютсяютсяываютсяываютсяываются", "numeric_answer": null, "relative_error": null, "thinking_text": null, "has_tool_call": false, "tool_call": null, "usage": {"prompt_tokens": 108, "completion_tokens": 256, "total_tokens": 364, "token_count_source": "tokenizer"}, "decoding": {"temperature": 0.2, "top_p": null, "top_k": null, "max_tokens": 256, "seed": 42}, "prompt_tokens": 108, "completion_tokens": 256, "total_tokens": 364, "token_count_source": "tokenizer", "diffusion_steps": null, "flops_estimate": null, "flops_arch": null, "flops_model_params": null, "flops_active_params": null, "tokens_non_final": 1, "tokens_reasoning": 0, "tokens_response": 1, "elapsed_seconds": 18.45754623413086, "judgement": "Uncategorized"}
{"id": "fermi_000443", "topic": "fermi", "subtopic": "crowd_density", "prompt": "A plaza is about 30 m by 30 m, with roughly 4 people per square meter. About how many people are there?", "exact_value": 3600, "model": "tiiuae/Falcon-H1-7B-Instruct", "provider": "transformers", "response": "Finalютсяываютсяываютсяываютсяываютсяываютсяываютсяываютсяываютсяываютсяываютсяываютсяываютсяываютсяываютсяываютсяываютсяютсяываютсяываютсяываютсяываютсяываютсяываютсяываютсяываютсяываютсяютсяываютсяываютсяываютсяываютсяываютсяываютсяываютсяываютсяютсяываютсяываютсяываютсяываютсяываютсяываютсяываютсяываютсяываютсяютсяываютсяываютсяываютсяываютсяываютсяываютсяываютсяываютсяываютсяютсяываютсяываютсяываютсяываютсяываютсяываютсяываютсяываютсяываютсяютсяываютсяютсяываютсяютсяываютсяютсяываютсяютсяываютсяютсяываютсяютсяываютсяютсяываютсяютсяываютсяютсяываютсяютсяываютсяютсяываютсяютсяываютсяютсяываютсяютсяываютсяютсяываютсяютсяываютсяютсяываютсяютсяываютсяютсяываютсяютсяываютсяютсяываютсяютсяываютсяютсяываютсяютсяываютсяютсяываютсяютсяываютсяютсяываютсяютсяываютсяютсяываютсяютсяываютсяютсяываютсяютсяываютсяютсяываютсяютсяываютсяютсяываютсяютсяываютсяютсяываютсяютсяываютсяютсяываютсяютсяываютсяютсяываютсяютсяываютсяютсяываютсяютсяываютсяютсяываютсяютсяываютсяютсяываютсяютсяываютсяютсяываютсяютсяываютсяютсяываютсяютсяываютсяютсяываютсяютсяываютсяютсяываютсяютсяываютсяютсяываютсяютсяываютсяютсяываютсяютсяываютсяютсяываютсяютсяываютсяютсяываютсяютсяываютсяютсяываютсяютсяываютсяютсяываютсяютсяываютсяютсяываютсяютсяываютсяютсяываютсяютсяываютсяютсяываютсяютсяываютсяютсяываютсяютсяываютсяютсяываютсяютсяываютсяютсяываютсяютсяываютсяютсяываютсяютсяываютсяютсяываютсяютсяываютсяютсяываютсяютсяываютсяютсяываютсяютсяываютсяютсяываютсяютсяываютсяютсяываютсяютсяываютсяютсяываютсяются", "numeric_answer": null, "relative_error": null, "thinking_text": null, "has_tool_call": false, "tool_call": null, "usage": {"prompt_tokens": 108, "completion_tokens": 256, "total_tokens": 364, "token_count_source": "tokenizer"}, "decoding": {"temperature": 0.2, "top_p": null, "top_k": null, "max_tokens": 256, "seed": 42}, "prompt_tokens": 108, "completion_tokens": 256, "total_tokens": 364, "token_count_source": "tokenizer", "diffusion_steps": null, "flops_estimate": null, "flops_arch": null, "flops_model_params": null, "flops_active_params": null, "tokens_non_final": 1, "tokens_reasoning": 0, "tokens_response": 1, "elapsed_seconds": 18.61535882949829, "judgement": "Uncategorized"}
{"id": "fermi_000463", "topic": "fermi", "subtopic": "crowd_density", "prompt": "A plaza is about 60 m by 25 m, with roughly 3 people per square meter. About how many people are there?", "exact_value": 4500, "model": "tiiuae/Falcon-H1-7B-Instruct", "provider": "transformers", "response": "Finalютсяываютсяываютсяываютсяываютсяываютсяываютсяываютсяываютсяываютсяываютсяываютсяываютсяываютсяываютсяываютсяываютсяютсяываютсяываютсяываютсяываютсяываютсяютсяываютсяываютсяываютсяываютсяываютсяываютсяютсяываютсяываютсяываютсяываютсяываютсяютсяываютсяываютсяываютсяываютсяываютсяютсяываютсяываютсяываютсяываютсяываютсяютсяываютсяютсяываютсяываютсяываютсяываютсяываютсяываютсяютсяываютсяываютсяываютсяываютсяываютсяютсяываютсяютсяываютсяютсяываютсяываютсяываютсяываютсяываютсяываютсяютсяываютсяютсяываютсяютсяываютсяютсяываютсяываютсяютсяываютсяютсяываютсяютсяываютсяютсяываютсяютсяываютсяютсяываютсяютсяываютсяютсяываютсяютсяываютсяютсяываютсяютсяываютсяютсяываютсяютсяываютсяютсяываютсяютсяываютсяютсяываютсяютсяываютсяютсяываютсяютсяываютсяютсяываютсяютсяываютсяютсяываютсяютсяываютсяютсяываютсяютсяываютсяютсяываютсяютсяываютсяютсяываютсяютсяываютсяютсяываютсяютсяываютсяютсяываютсяютсяываютсяютсяываютсяютсяываютсяютсяываютсяютсяываютсяютсяываютсяютсяываютсяютсяываютсяютсяываютсяютсяываютсяютсяываютсяютсяываютсяютсяываютсяютсяываютсяютсяываютсяютсяываютсяютсяываютсяютсяываютсяютсяываютсяютсяываютсяютсяываютсяютсяываютсяютсяываютсяютсяываютсяютсяываютсяютсяываютсяютсяываютсяютсяываютсяютсяываютсяютсяываютсяютсяываютсяютсяываютсяютсяываютсяютсяываютсяютсяываютсяютсяываютсяютсяываютсяютсяываютсяютсяываютсяютсяываютсяютсяываютсяютсяываютсяютсяываютсяютсяываютсяютсяываютсяютсяываютсяютсяываютсяютсяываютсяютсяываютсяютсяываютсяютсяываютсяютсяываютсяютсяываютсяютсяываются", "numeric_answer": null, "relative_error": null, "thinking_text": null, "has_tool_call": false, "tool_call": null, "usage": {"prompt_tokens": 108, "completion_tokens": 256, "total_tokens": 364, "token_count_source": "tokenizer"}, "decoding": {"temperature": 0.2, "top_p": null, "top_k": null, "max_tokens": 256, "seed": 42}, "prompt_tokens": 108, "completion_tokens": 256, "total_tokens": 364, "token_count_source": "tokenizer", "diffusion_steps": null, "flops_estimate": null, "flops_arch": null, "flops_model_params": null, "flops_active_params": null, "tokens_non_final": 1, "tokens_reasoning": 0, "tokens_response": 1, "elapsed_seconds": 18.422339916229248, "judgement": "Uncategorized"}
{"id": "fermi_000483", "topic": "fermi", "subtopic": "crowd_density", "prompt": "A plaza is about 70 m by 30 m, with roughly 2 people per square meter. About how many people are there?", "exact_value": 4200, "model": "tiiuae/Falcon-H1-7B-Instruct", "provider": "transformers", "response": "Finalютсяываютсяываютсяываютсяываютсяываютсяываютсяываютсяываютсяываютсяываютсяываютсяываютсяываютсяываютсяываютсяываютсяютсяываютсяываютсяываютсяываютсяываютсяютсяываютсяываютсяываютсяываютсяываютсяываютсяютсяываютсяываютсяываютсяываютсяываютсяываютсяютсяываютсяываютсяываютсяываютсяываютсяываютсяютсяываютсяываютсяываютсяываютсяываютсяываютсяютсяываютсяываютсяываютсяываютсяываютсяываютсяютсяываютсяываютсяываютсяываютсяываютсяываютсяютсяываютсяываютсяываютсяютсяываютсяютсяываютсяываютсяываютсяываютсяываютсяываютсяютсяываютсяываютсяываютсяываютсяываютсяываютсяютсяываютсяываютсяываютсяываютсяываютсяываютсяютсяываютсяываютсяываютсяываютсяываютсяываютсяютсяываютсяываютсяываютсяываютсяываютсяываютсяютсяываютсяываютсяываютсяываютсяываютсяываютсяютсяываютсяываютсяываютсяываютсяываютсяываютсяютсяываютсяываютсяываютсяываютсяываютсяываютсяютсяываютсяываютсяываютсяываютсяываютсяываютсяютсяываютсяываютсяываютсяываютсяываютсяываютсяютсяываютсяываютсяываютсяываютсяываютсяываютсяютсяываютсяываютсяываютсяываютсяываютсяываютсяютсяываютсяываютсяываютсяываютсяываютсяываютсяютсяываютсяываютсяываютсяываютсяываютсяываютсяютсяываютсяываютсяываютсяываютсяываютсяываютсяютсяываютсяываютсяываютсяываютсяываютсяываютсяютсяываютсяываютсяываютсяываютсяываютсяываютсяютсяываютсяываютсяываютсяываютсяываютсяываютсяютсяываютсяываютсяываютсяываютсяываютсяываютсяютсяываютсяываютсяываютсяываютсяываютсяываютсяютсяываютсяываютсяываютсяываютсяываютсяываютсяютсяываютсяываютсяываютсяываютсяываютсяываютсяютсяываютсяываютсяываютсяываютсяываютсяываютсяютсяываютсяываютсяываютсяываютсяываютсяываютсяютсяываютсяываютсяываютсяютсяываютсяютсяываютсяываютсяываютсяываютсяываютсяываютсяютсяываютсяываются", "numeric_answer": null, "relative_error": null, "thinking_text": null, "has_tool_call": false, "tool_call": null, "usage": {"prompt_tokens": 108, "completion_tokens": 256, "total_tokens": 364, "token_count_source": "tokenizer"}, "decoding": {"temperature": 0.2, "top_p": null, "top_k": null, "max_tokens": 256, "seed": 42}, "prompt_tokens": 108, "completion_tokens": 256, "total_tokens": 364, "token_count_source": "tokenizer", "diffusion_steps": null, "flops_estimate": null, "flops_arch": null, "flops_model_params": null, "flops_active_params": null, "tokens_non_final": 1, "tokens_reasoning": 0, "tokens_response": 1, "elapsed_seconds": 18.383883714675903, "judgement": "Uncategorized"}
{"id": "fermi_000503", "topic": "fermi", "subtopic": "crowd_density", "prompt": "A plaza is about 40 m by 25 m, with roughly 4 people per square meter. About how many people are there?", "exact_value": 4000, "model": "tiiuae/Falcon-H1-7B-Instruct", "provider": "transformers", "response": "Finalютсяываютсяываютсяываютсяываютсяываютсяываютсяываютсяываютсяываютсяываютсяываютсяываютсяываютсяываютсяываютсяываютсяываютсяютсяываютсяываютсяываютсяываютсяываютсяютсяываютсяываютсяываютсяываютсяываютсяываютсяютсяываютсяываютсяываютсяываютсяываютсяываютсяютсяываютсяываютсяываютсяываютсяываютсяываютсяютсяываютсяываютсяываютсяываютсяываютсяываютсяютсяываютсяываютсяываютсяываютсяываютсяываютсяютсяываютсяываютсяываютсяываютсяываютсяываютсяютсяываютсяываютсяываютсяываютсяываютсяываютсяютсяываютсяываютсяываютсяываютсяываютсяываютсяютсяываютсяываютсяываютсяываютсяываютсяываютсяютсяываютсяываютсяываютсяываютсяываютсяываютсяютсяываютсяываютсяываютсяываютсяываютсяываютсяютсяываютсяываютсяываютсяываютсяываютсяываютсяютсяываютсяываютсяываютсяываютсяываютсяываютсяютсяываютсяываютсяываютсяываютсяываютсяываютсяютсяываютсяываютсяываютсяываютсяываютсяываютсяютсяываютсяываютсяываютсяываютсяываютсяываютсяютсяываютсяываютсяываютсяываютсяываютсяываютсяютсяываютсяываютсяываютсяываютсяываютсяываютсяютсяываютсяываютсяываютсяываютсяываютсяываютсяютсяываютсяываютсяываютсяываютсяываютсяываютсяютсяываютсяываютсяываютсяываютсяываютсяываютсяютсяываютсяываютсяываютсяываютсяываютсяываютсяютсяываютсяываютсяываютсяываютсяываютсяываютсяютсяываютсяываютсяываютсяютсяываютсяываютсяываютсяываютсяываютсяываютсяютсяываютсяываютсяываютсяываютсяываютсяываютсяютсяываютсяываютсяываютсяываютсяываютсяываютсяютсяываютсяываютсяываютсяываютсяываютсяываютсяютсяываютсяываютсяываютсяываютсяываютсяываютсяютсяываютсяываютсяываютсяываютсяываютсяываютсяютсяываютсяываютсяываютсяываютсяываютсяываютсяютсяываютсяываютсяываютсяываютсяываютсяываютсяютсяываютсяываютсяываютсяываютсяываютсяываютсяютсяываютсяываются", "numeric_answer": null, "relative_error": null, "thinking_text": null, "has_tool_call": false, "tool_call": null, "usage": {"prompt_tokens": 108, "completion_tokens": 256, "total_tokens": 364, "token_count_source": "tokenizer"}, "decoding": {"temperature": 0.2, "top_p": null, "top_k": null, "max_tokens": 256, "seed": 42}, "prompt_tokens": 108, "completion_tokens": 256, "total_tokens": 364, "token_count_source": "tokenizer", "diffusion_steps": null, "flops_estimate": null, "flops_arch": null, "flops_model_params": null, "flops_active_params": null, "tokens_non_final": 1, "tokens_reasoning": 0, "tokens_response": 1, "elapsed_seconds": 18.28772473335266, "judgement": "Uncategorized"}
{"id": "fermi_000523", "topic": "fermi", "subtopic": "crowd_density", "prompt": "A plaza is about 50 m by 35 m, with roughly 4 people per square meter. About how many people are there?", "exact_value": 7000, "model": "tiiuae/Falcon-H1-7B-Instruct", "provider": "transformers", "response": "Finalютсяываютсяываютсяываютсяываютсяываютсяываютсяываютсяываютсяываютсяываютсяываютсяываютсяываютсяываютсяываютсяываютсяютсяываютсяываютсяываютсяываютсяываютсяютсяываютсяываютсяываютсяываютсяываютсяываютсяютсяываютсяываютсяываютсяываютсяываютсяываютсяютсяываютсяютсяываютсяываютсяываютсяываютсяываютсяютсяываютсяываютсяываютсяываютсяываютсяываютсяютсяываютсяютсяываютсяываютсяываютсяываютсяываютсяываютсяютсяываютсяютсяываютсяютсяываютсяютсяываютсяываютсяываютсяываютсяываютсяываютсяютсяываютсяютсяываютсяютсяываютсяываютсяютсяываютсяютсяываютсяютсяываютсяютсяываютсяютсяываютсяютсяываютсяютсяываютсяютсяываютсяютсяываютсяютсяываютсяютсяываютсяютсяываютсяютсяываютсяютсяываютсяютсяываютсяютсяываютсяютсяываютсяютсяываютсяютсяываютсяютсяываютсяютсяываютсяютсяываютсяютсяываютсяютсяываютсяютсяываютсяютсяываютсяютсяываютсяютсяываютсяютсяываютсяютсяываютсяютсяываютсяютсяываютсяютсяываютсяютсяываютсяютсяываютсяютсяываютсяютсяываютсяютсяываютсяютсяываютсяютсяываютсяютсяываютсяютсяываютсяютсяываютсяютсяываютсяютсяываютсяютсяываютсяютсяываютсяютсяываютсяютсяываютсяютсяываютсяютсяываютсяютсяываютсяютсяываютсяютсяываютсяютсяываютсяютсяываютсяютсяываютсяютсяываютсяютсяываютсяютсяываютсяютсяываютсяютсяываютсяютсяываютсяютсяываютсяютсяываютсяютсяываютсяютсяываютсяютсяываютсяютсяываютсяютсяываютсяютсяываютсяютсяываютсяютсяываютсяютсяываютсяютсяываютсяютсяываютсяютсяываютсяютсяываютсяютсяываютсяютсяываютсяютсяываютсяютсяываютсяютсяываютсяютсяываютсяютсяываютсяютсяываютсяютсяываются", "numeric_answer": null, "relative_error": null, "thinking_text": null, "has_tool_call": false, "tool_call": null, "usage": {"prompt_tokens": 108, "completion_tokens": 256, "total_tokens": 364, "token_count_source": "tokenizer"}, "decoding": {"temperature": 0.2, "top_p": null, "top_k": null, "max_tokens": 256, "seed": 42}, "prompt_tokens": 108, "completion_tokens": 256, "total_tokens": 364, "token_count_source": "tokenizer", "diffusion_steps": null, "flops_estimate": null, "flops_arch": null, "flops_model_params": null, "flops_active_params": null, "tokens_non_final": 1, "tokens_reasoning": 0, "tokens_response": 1, "elapsed_seconds": 18.243885278701782, "judgement": "Uncategorized"}
{"id": "fermi_000543", "topic": "fermi", "subtopic": "crowd_density", "prompt": "A plaza is about 40 m by 35 m, with roughly 2 people per square meter. About how many people are there?", "exact_value": 2800, "model": "tiiuae/Falcon-H1-7B-Instruct", "provider": "transformers", "response": "Finalютсяываютсяываютсяываютсяываютсяываютсяываютсяываютсяываютсяываютсяываютсяываютсяываютсяываютсяываютсяываютсяываютсяываютсяютсяываютсяываютсяываютсяываютсяываютсяываютсяываютсяываютсяываютсяываютсяываютсяываютсяываютсяываютсяываютсяываютсяываютсяываютсяютсяываютсяываютсяываютсяываютсяываютсяываютсяываютсяываютсяываютсяываютсяываютсяываютсяываютсяываютсяютсяываютсяываютсяютсяываютсяываютсяываютсяываютсяываютсяываютсяываютсяютсяываютсяываютсяываютсяываютсяываютсяываютсяываютсяываютсяываютсяываютсяываютсяываютсяываютсяываютсяываютсяываютсяываютсяываютсяываютсяываютсяываютсяываютсяываютсяютсяываютсяываютсяываютсяываютсяываютсяываютсяываютсяываютсяываютсяываютсяываютсяываютсяываютсяываютсяываютсяываютсяываютсяываютсяываютсяываютсяываютсяываютсяываютсяываютсяываютсяываютсяываютсяываютсяываютсяываютсяываютсяываютсяываютсяываютсяываютсяываютсяываютсяываютсяываютсяываютсяываютсяываютсяываютсяываютсяываютсяываютсяютсяываютсяываютсяываютсяываютсяываютсяываютсяываютсяываютсяываютсяываютсяываютсяываютсяываютсяываютсяываютсяываютсяываютсяываютсяютсяываютсяываютсяываютсяываютсяываютсяываютсяываютсяываютсяываютсяываютсяываютсяываютсяываютсяываютсяываютсяываютсяываютсяываютсяываютсяываютсяываютсяываютсяываютсяываютсяываютсяываютсяываютсяываютсяываютсяываютсяываютсяываютсяываютсяываютсяываютсяываютсяываютсяываютсяываютсяываютсяываютсяываютсяываютсяываютсяываютсяываютсяываютсяываютсяываютсяываютсяываютсяываютсяываютсяываютсяываютсяываютсяываютсяываютсяываютсяываютсяываютсяываютсяываютсяываютсяываютсяываютсяываютсяываютсяываютсяываютсяываютсяываютсяываютсяываютсяываютсяываютсяываютсяываютсяываютсяываютсяываютсяываютсяываютсяываютсяываютсяываютсяываютсяываютсяываютсяываютсяываютсяываютсяываютсяываютсяываютсяываютсяываютсяываютсяываютсяываютсяываются", "numeric_answer": null, "relative_error": null, "thinking_text": null, "has_tool_call": false, "tool_call": null, "usage": {"prompt_tokens": 108, "completion_tokens": 256, "total_tokens": 364, "token_count_source": "tokenizer"}, "decoding": {"temperature": 0.2, "top_p": null, "top_k": null, "max_tokens": 256, "seed": 42}, "prompt_tokens": 108, "completion_tokens": 256, "total_tokens": 364, "token_count_source": "tokenizer", "diffusion_steps": null, "flops_estimate": null, "flops_arch": null, "flops_model_params": null, "flops_active_params": null, "tokens_non_final": 1, "tokens_reasoning": 0, "tokens_response": 1, "elapsed_seconds": 18.55357336997986, "judgement": "Uncategorized"}
{"id": "fermi_000563", "topic": "fermi", "subtopic": "crowd_density", "prompt": "A plaza is about 30 m by 30 m, with roughly 3 people per square meter. About how many people are there?", "exact_value": 2700, "model": "tiiuae/Falcon-H1-7B-Instruct", "provider": "transformers", "response": "Finalютсяываютсяываютсяываютсяываютсяываютсяываютсяываютсяываютсяываютсяываютсяываютсяываютсяываютсяываютсяываютсяываютсяютсяываютсяываютсяываютсяываютсяываютсяютсяываютсяываютсяываютсяываютсяываютсяываютсяютсяываютсяываютсяываютсяываютсяываютсяываютсяютсяываютсяываютсяываютсяываютсяываютсяываютсяютсяываютсяываютсяываютсяываютсяываютсяываютсяютсяываютсяываютсяываютсяываютсяываютсяываютсяютсяываютсяываютсяываютсяываютсяываютсяываютсяютсяываютсяываютсяываютсяываютсяываютсяываютсяютсяываютсяываютсяываютсяываютсяываютсяываютсяютсяываютсяываютсяываютсяываютсяываютсяываютсяютсяываютсяываютсяываютсяываютсяываютсяываютсяютсяываютсяываютсяываютсяываютсяываютсяываютсяютсяываютсяываютсяываютсяываютсяываютсяываютсяютсяываютсяываютсяываютсяываютсяываютсяываютсяютсяываютсяываютсяываютсяываютсяываютсяываютсяютсяываютсяываютсяываютсяываютсяываютсяываютсяютсяываютсяываютсяываютсяываютсяываютсяываютсяютсяываютсяываютсяываютсяываютсяываютсяываютсяютсяываютсяываютсяываютсяываютсяываютсяываютсяютсяываютсяываютсяываютсяываютсяываютсяываютсяютсяываютсяываютсяываютсяываютсяываютсяываютсяютсяываютсяываютсяываютсяываютсяываютсяываютсяютсяываютсяываютсяываютсяываютсяываютсяываютсяютсяываютсяываютсяываютсяываютсяываютсяываютсяютсяываютсяываютсяываютсяываютсяываютсяываютсяютсяываютсяываютсяываютсяываютсяываютсяываютсяютсяываютсяываютсяываютсяываютсяываютсяываютсяютсяываютсяываютсяываютсяываютсяываютсяываютсяютсяываютсяываютсяываютсяываютсяываютсяываютсяютсяываютсяываютсяываютсяываютсяываютсяываютсяютсяываютсяываютсяываютсяываютсяываютсяываютсяютсяываютсяютсяываютсяываютсяываютсяываютсяываютсяываютсяютсяываютсяываютсяываютсяываютсяываютсяываютсяютсяываютсяываютсяываютсяютсяываются", "numeric_answer": null, "relative_error": null, "thinking_text": null, "has_tool_call": false, "tool_call": null, "usage": {"prompt_tokens": 108, "completion_tokens": 256, "total_tokens": 364, "token_count_source": "tokenizer"}, "decoding": {"temperature": 0.2, "top_p": null, "top_k": null, "max_tokens": 256, "seed": 42}, "prompt_tokens": 108, "completion_tokens": 256, "total_tokens": 364, "token_count_source": "tokenizer", "diffusion_steps": null, "flops_estimate": null, "flops_arch": null, "flops_model_params": null, "flops_active_params": null, "tokens_non_final": 1, "tokens_reasoning": 0, "tokens_response": 1, "elapsed_seconds": 18.779306888580322, "judgement": "Uncategorized"}
{"id": "fermi_000583", "topic": "fermi", "subtopic": "crowd_density", "prompt": "A plaza is about 60 m by 25 m, with roughly 4 people per square meter. About how many people are there?", "exact_value": 6000, "model": "tiiuae/Falcon-H1-7B-Instruct", "provider": "transformers", "response": "Finalютсяываютсяываютсяываютсяываютсяываютсяываютсяываютсяываютсяываютсяываютсяываютсяываютсяываютсяываютсяываютсяютсяываютсяываютсяываютсяываютсяываютсяываютсяютсяываютсяываютсяываютсяываютсяываютсяываютсяютсяываютсяываютсяываютсяываютсяываютсяютсяываютсяываютсяываютсяютсяываютсяютсяываютсяываютсяываютсяываютсяываютсяываютсяютсяываютсяываютсяываютсяываютсяываютсяываютсяютсяываютсяываютсяываютсяываютсяываютсяываютсяютсяываютсяываютсяываютсяываютсяываютсяываютсяютсяываютсяываютсяываютсяываютсяываютсяываютсяютсяываютсяываютсяываютсяываютсяываютсяываютсяютсяываютсяываютсяываютсяываютсяываютсяываютсяютсяываютсяываютсяываютсяываютсяываютсяываютсяютсяываютсяываютсяываютсяываютсяываютсяываютсяютсяываютсяываютсяываютсяываютсяываютсяываютсяютсяываютсяываютсяываютсяываютсяываютсяываютсяютсяываютсяываютсяываютсяываютсяываютсяываютсяютсяываютсяываютсяываютсяываютсяываютсяываютсяютсяываютсяываютсяываютсяываютсяываютсяываютсяютсяываютсяываютсяываютсяываютсяываютсяываютсяютсяываютсяываютсяываютсяываютсяываютсяываютсяютсяываютсяываютсяываютсяываютсяываютсяываютсяютсяываютсяываютсяываютсяываютсяываютсяываютсяютсяываютсяываютсяываютсяываютсяываютсяываютсяютсяываютсяываютсяываютсяываютсяываютсяываютсяютсяываютсяываютсяываютсяываютсяываютсяываютсяютсяываютсяываютсяываютсяываютсяываютсяываютсяютсяываютсяываютсяываютсяываютсяываютсяываютсяютсяываютсяываютсяываютсяываютсяываютсяываютсяютсяываютсяываютсяываютсяываютсяываютсяываютсяютсяываютсяываютсяываютсяываютсяываютсяываютсяютсяываютсяютсяываютсяываютсяываютсяываютсяываютсяываютсяютсяываютсяютсяываютсяываютсяываютсяываютсяываютсяываютсяютсяываютсяываютсяываютсяываютсяываютсяываютсяютсяываютсяываютсяываютсяываютсяываются", "numeric_answer": null, "relative_error": null, "thinking_text": null, "has_tool_call": false, "tool_call": null, "usage": {"prompt_tokens": 108, "completion_tokens": 256, "total_tokens": 364, "token_count_source": "tokenizer"}, "decoding": {"temperature": 0.2, "top_p": null, "top_k": null, "max_tokens": 256, "seed": 42}, "prompt_tokens": 108, "completion_tokens": 256, "total_tokens": 364, "token_count_source": "tokenizer", "diffusion_steps": null, "flops_estimate": null, "flops_arch": null, "flops_model_params": null, "flops_active_params": null, "tokens_non_final": 1, "tokens_reasoning": 0, "tokens_response": 1, "elapsed_seconds": 18.776047706604004, "judgement": "Uncategorized"}
{"id": "fermi_000603", "topic": "fermi", "subtopic": "crowd_density", "prompt": "A plaza is about 70 m by 25 m, with roughly 3 people per square meter. About how many people are there?", "exact_value": 5250, "model": "tiiuae/Falcon-H1-7B-Instruct", "provider": "transformers", "response": "Finalютсяываютсяываютсяываютсяываютсяываютсяываютсяываютсяываютсяываютсяываютсяываютсяываютсяываютсяываютсяываютсяываютсяютсяываютсяываютсяываютсяываютсяываютсяютсяываютсяываютсяываютсяываютсяываютсяываютсяютсяываютсяываютсяываютсяываютсяываютсяываютсяютсяываютсяываютсяываютсяываютсяываютсяываютсяютсяываютсяываютсяываютсяываютсяываютсяываютсяютсяываютсяываютсяываютсяываютсяываютсяываютсяютсяываютсяываютсяываютсяываютсяываютсяываютсяютсяываютсяываютсяываютсяываютсяываютсяываютсяютсяываютсяываютсяываютсяываютсяываютсяываютсяютсяываютсяываютсяываютсяываютсяываютсяываютсяютсяываютсяываютсяываютсяываютсяываютсяываютсяютсяываютсяываютсяываютсяываютсяываютсяываютсяютсяываютсяываютсяываютсяываютсяываютсяываютсяютсяываютсяываютсяываютсяываютсяываютсяываютсяютсяываютсяываютсяываютсяываютсяываютсяываютсяютсяываютсяываютсяываютсяываютсяываютсяываютсяютсяываютсяываютсяываютсяываютсяываютсяываютсяютсяываютсяываютсяываютсяываютсяываютсяываютсяютсяываютсяываютсяываютсяываютсяываютсяываютсяютсяываютсяываютсяываютсяываютсяываютсяываютсяютсяываютсяываютсяываютсяываютсяываютсяываютсяютсяываютсяываютсяываютсяываютсяываютсяываютсяютсяываютсяываютсяываютсяываютсяываютсяываютсяютсяываютсяываютсяываютсяываютсяываютсяываютсяютсяываютсяываютсяываютсяываютсяываютсяываютсяютсяываютсяываютсяываютсяютсяываютсяываютсяываютсяываютсяываютсяываютсяютсяываютсяываютсяываютсяываютсяываютсяываютсяютсяываютсяываютсяываютсяываютсяываютсяываютсяютсяываютсяываютсяываютсяываютсяываютсяываютсяютсяываютсяываютсяываютсяываютсяываютсяываютсяютсяываютсяываютсяываютсяываютсяываютсяываютсяютсяываютсяываютсяываютсяываютсяываютсяываютсяютсяываютсяываютсяываютсяываютсяываютсяываютсяютсяываютсяютсяываются", "numeric_answer": null, "relative_error": null, "thinking_text": null, "has_tool_call": false, "tool_call": null, "usage": {"prompt_tokens": 108, "completion_tokens": 256, "total_tokens": 364, "token_count_source": "tokenizer"}, "decoding": {"temperature": 0.2, "top_p": null, "top_k": null, "max_tokens": 256, "seed": 42}, "prompt_tokens": 108, "completion_tokens": 256, "total_tokens": 364, "token_count_source": "tokenizer", "diffusion_steps": null, "flops_estimate": null, "flops_arch": null, "flops_model_params": null, "flops_active_params": null, "tokens_non_final": 1, "tokens_reasoning": 0, "tokens_response": 1, "elapsed_seconds": 18.77707862854004, "judgement": "Uncategorized"}
{"id": "fermi_000623", "topic": "fermi", "subtopic": "crowd_density", "prompt": "A plaza is about 70 m by 35 m, with roughly 3 people per square meter. About how many people are there?", "exact_value": 7350, "model": "tiiuae/Falcon-H1-7B-Instruct", "provider": "transformers", "response": "Finalются примерно число людей примерно путем подсчета площади и плотности населенияываются путем подсчета площади и плотности населенияываются путем подсчета площади и плотности населенияываются путем подсчета площади и плотности населенияываются путем подсчета площадиются путем подсчета площадиются путем подсчетаются путем подсчетаются путем подсчетаются путем подсчетаются путем подсчетаются путем подсчетаются путем подсчетаются путем подсчетаются путем подсчетаются путем подсчетаются путем подсчетаются путем подсчетаются путем подсчетаются путем подсчетаются путем подсчетаются путем подсчетаются путем подсчетаются путем подсчетаются путем подсчетаются путем подсчетаются путем подсчетаются путемются путемются путемываются путемываются путемываются путемываются путемываются путемываются путемываются путемываются путемываются путемываются путемываются путемываются путемываются путемываются путемываются путемываются путемываются путемываются путемываются путемываются путемываются путемываются путемываются путемываются путемываются путемываются путемываются путемываются путемываются путемываются путемываются путемываются путемываются путемываются путемываются путемываются путемываются путемываются путемываются путемываются путемываются путемываются путем", "numeric_answer": null, "relative_error": null, "thinking_text": null, "has_tool_call": false, "tool_call": null, "usage": {"prompt_tokens": 108, "completion_tokens": 256, "total_tokens": 364, "token_count_source": "tokenizer"}, "decoding": {"temperature": 0.2, "top_p": null, "top_k": null, "max_tokens": 256, "seed": 42}, "prompt_tokens": 108, "completion_tokens": 256, "total_tokens": 364, "token_count_source": "tokenizer", "diffusion_steps": null, "flops_estimate": null, "flops_arch": null, "flops_model_params": null, "flops_active_params": null, "tokens_non_final": 122, "tokens_reasoning": 0, "tokens_response": 122, "elapsed_seconds": 18.55971884727478, "judgement": "Uncategorized"}
{"id": "fermi_000643", "topic": "fermi", "subtopic": "crowd_density", "prompt": "A plaza is about 30 m by 25 m, with roughly 4 people per square meter. About how many people are there?", "exact_value": 3000, "model": "tiiuae/Falcon-H1-7B-Instruct", "provider": "transformers", "response": "Finalютсяываютсяываютсяываютсяываютсяываютсяываютсяываютсяываютсяываютсяываютсяываютсяываютсяываютсяываютсяываютсяываютсяютсяываютсяываютсяываютсяываютсяываютсяютсяываютсяываютсяываютсяютсяываютсяываютсяываютсяываютсяываютсяываютсяютсяываютсяютсяываютсяываютсяываютсяываютсяываютсяываютсяютсяываютсяываютсяываютсяываютсяываютсяываютсяютсяываютсяываютсяываютсяываютсяываютсяываютсяютсяываютсяываютсяываютсяываютсяываютсяываютсяютсяываютсяываютсяываютсяываютсяываютсяываютсяютсяываютсяываютсяываютсяываютсяываютсяываютсяютсяываютсяываютсяываютсяываютсяываютсяываютсяютсяываютсяываютсяываютсяываютсяываютсяываютсяютсяываютсяываютсяываютсяываютсяываютсяываютсяютсяываютсяываютсяываютсяываютсяываютсяываютсяютсяываютсяываютсяываютсяываютсяываютсяываютсяютсяываютсяываютсяываютсяываютсяываютсяываютсяютсяываютсяываютсяываютсяываютсяываютсяываютсяютсяываютсяываютсяываютсяываютсяываютсяываютсяютсяываютсяываютсяываютсяываютсяываютсяываютсяютсяываютсяываютсяываютсяываютсяываютсяываютсяютсяываютсяываютсяываютсяываютсяываютсяываютсяютсяываютсяываютсяываютсяываютсяываютсяываютсяютсяываютсяываютсяываютсяываютсяываютсяываютсяютсяываютсяываютсяываютсяываютсяываютсяываютсяютсяываютсяываютсяываютсяываютсяываютсяываютсяютсяываютсяываютсяываютсяываютсяываютсяываютсяютсяываютсяываютсяываютсяываютсяываютсяываютсяютсяываютсяываютсяываютсяываютсяываютсяываютсяютсяываютсяываютсяываютсяываютсяываютсяываютсяютсяываютсяываютсяываютсяываютсяываютсяываютсяютсяываютсяываютсяываютсяываютсяываютсяываютсяютсяываютсяываютсяываютсяываютсяываютсяываютсяютсяываютсяываютсяываютсяываютсяываютсяываютсяютсяываютсяываютсяываютсяываютсяываютсяываютсяютсяываютсяываютсяываютсяываютсяываютсяываютсяютсяываются", "numeric_answer": null, "relative_error": null, "thinking_text": null, "has_tool_call": false, "tool_call": null, "usage": {"prompt_tokens": 108, "completion_tokens": 256, "total_tokens": 364, "token_count_source": "tokenizer"}, "decoding": {"temperature": 0.2, "top_p": null, "top_k": null, "max_tokens": 256, "seed": 42}, "prompt_tokens": 108, "completion_tokens": 256, "total_tokens": 364, "token_count_source": "tokenizer", "diffusion_steps": null, "flops_estimate": null, "flops_arch": null, "flops_model_params": null, "flops_active_params": null, "tokens_non_final": 1, "tokens_reasoning": 0, "tokens_response": 1, "elapsed_seconds": 18.676269054412842, "judgement": "Uncategorized"}
{"id": "fermi_000663", "topic": "fermi", "subtopic": "crowd_density", "prompt": "A plaza is about 30 m by 25 m, with roughly 2 people per square meter. About how many people are there?", "exact_value": 1500, "model": "tiiuae/Falcon-H1-7B-Instruct", "provider": "transformers", "response": "Finalютсяываютсяываютсяываютсяываютсяываютсяываютсяываютсяываютсяываютсяываютсяываютсяываютсяютсяываютсяываютсяываютсяываютсяываютсяютсяываютсяываютсяываютсяываютсяываютсяываютсяютсяываютсяываютсяываютсяываютсяываютсяываютсяютсяываютсяываютсяываютсяываютсяываютсяываютсяютсяываютсяываютсяываютсяютсяываютсяютсяываютсяываютсяываютсяываютсяываютсяываютсяютсяываютсяываютсяываютсяываютсяываютсяываютсяютсяываютсяываютсяываютсяываютсяываютсяываютсяютсяываютсяываютсяываютсяываютсяываютсяываютсяютсяываютсяываютсяываютсяываютсяываютсяываютсяютсяываютсяываютсяываютсяываютсяываютсяываютсяютсяываютсяываютсяываютсяываютсяываютсяываютсяютсяываютсяываютсяываютсяываютсяываютсяываютсяютсяываютсяываютсяываютсяываютсяываютсяываютсяютсяываютсяываютсяываютсяываютсяываютсяываютсяютсяываютсяываютсяываютсяываютсяываютсяываютсяютсяываютсяываютсяываютсяываютсяываютсяываютсяютсяываютсяываютсяываютсяываютсяываютсяываютсяютсяываютсяываютсяываютсяываютсяываютсяываютсяютсяываютсяываютсяываютсяываютсяываютсяываютсяютсяываютсяываютсяываютсяываютсяываютсяываютсяютсяываютсяываютсяываютсяываютсяываютсяываютсяютсяываютсяываютсяываютсяываютсяываютсяываютсяютсяываютсяываютсяываютсяываютсяываютсяываютсяютсяываютсяываютсяываютсяываютсяываютсяываютсяютсяываютсяываютсяываютсяываютсяываютсяываютсяютсяываютсяываютсяываютсяываютсяываютсяываютсяютсяываютсяываютсяываютсяываютсяываютсяываютсяютсяываютсяываютсяываютсяываютсяываютсяываютсяютсяываютсяываютсяываютсяываютсяываютсяываютсяютсяываютсяываютсяываютсяываютсяываютсяываютсяютсяываютсяютсяываютсяываютсяываютсяываютсяываютсяываютсяютсяываютсяываютсяываютсяываютсяываютсяываютсяютсяываютсяываютсяываютсяываютсяываютсяываютсяютсяываютсяываютсяываются", "numeric_answer": null, "relative_error": null, "thinking_text": null, "has_tool_call": false, "tool_call": null, "usage": {"prompt_tokens": 108, "completion_tokens": 256, "total_tokens": 364, "token_count_source": "tokenizer"}, "decoding": {"temperature": 0.2, "top_p": null, "top_k": null, "max_tokens": 256, "seed": 42}, "prompt_tokens": 108, "completion_tokens": 256, "total_tokens": 364, "token_count_source": "tokenizer", "diffusion_steps": null, "flops_estimate": null, "flops_arch": null, "flops_model_params": null, "flops_active_params": null, "tokens_non_final": 1, "tokens_reasoning": 0, "tokens_response": 1, "elapsed_seconds": 18.74387288093567, "judgement": "Uncategorized"}
{"id": "fermi_000683", "topic": "fermi", "subtopic": "crowd_density", "prompt": "A plaza is about 70 m by 35 m, with roughly 1 people per square meter. About how many people are there?", "exact_value": 2450, "model": "tiiuae/Falcon-H1-7B-Instruct", "provider": "transformers", "response": "Finalются примерно число людей путем умножения площади на плотность населенияются примерно число людей путем умножения площади на плотность населенияются примерно число людей путем умножения площади на плотность населенияются примерно число людей путем умножения площади на плотность населенияются примерно число людей путем умножения площадиются примерно числоются примерно числоются примерно числоются примерно числоются примерно числоются примерно числоются примерно числоются примерно числоются примерно числоются примерно числоются примерно числоются примерно числоются примерно числоются примерно числоются примерно числоются примерно числоются примерно числоются примерно числоются примерно числоются примерно числоются примерно числоются примерно числоются примерно числоются примерно числоются примерно числоются примерно числоются примерно числоются примерно числоются примерно числоются примерно числоются примерно числоются примерно числоются примерно числоются примерно числоются примерно числоются примерно числоются примерно числоются примерно числоются примерно числоются примерно числоются примерно числоются примерно числоются примерно числоются примерно числоются примерно числоются примерно числоются примерно числоются примерно числоются примерно числоются примерно числоются примерно числоются примерно числоются примерно числоются примерно числоются примерно числоются примерно числоются примерно числоются примерно числоются примерно числоются примерно числоются примерно числоются примерно", "numeric_answer": null, "relative_error": null, "thinking_text": null, "has_tool_call": false, "tool_call": null, "usage": {"prompt_tokens": 108, "completion_tokens": 256, "total_tokens": 364, "token_count_source": "tokenizer"}, "decoding": {"temperature": 0.2, "top_p": null, "top_k": null, "max_tokens": 256, "seed": 42}, "prompt_tokens": 108, "completion_tokens": 256, "total_tokens": 364, "token_count_source": "tokenizer", "diffusion_steps": null, "flops_estimate": null, "flops_arch": null, "flops_model_params": null, "flops_active_params": null, "tokens_non_final": 166, "tokens_reasoning": 0, "tokens_response": 166, "elapsed_seconds": 18.92815136909485, "judgement": "Uncategorized"}
{"id": "fermi_000703", "topic": "fermi", "subtopic": "crowd_density", "prompt": "A plaza is about 40 m by 25 m, with roughly 1 people per square meter. About how many people are there?", "exact_value": 1000, "model": "tiiuae/Falcon-H1-7B-Instruct", "provider": "transformers", "response": "Finalютсяываютсяываютсяываютсяываютсяываютсяываютсяютсяываютсяютсяываютсяютсяываютсяютсяываютсяываютсяываютсяываютсяютсяываютсяываютсяываютсяютсяываютсяываютсяываютсяываютсяываютсяютсяываютсяываютсяываютсяываютсяываютсяываютсяютсяываютсяываютсяываютсяываютсяываютсяываютсяютсяываютсяываютсяываютсяываютсяываютсяываютсяютсяываютсяываютсяываютсяываютсяываютсяываютсяютсяываютсяываютсяываютсяываютсяываютсяываютсяютсяываютсяываютсяываютсяываютсяываютсяываютсяютсяываютсяываютсяываютсяываютсяываютсяываютсяютсяываютсяываютсяываютсяываютсяываютсяываютсяютсяываютсяываютсяываютсяываютсяываютсяываютсяютсяываютсяываютсяываютсяываютсяываютсяываютсяютсяываютсяываютсяываютсяываютсяываютсяываютсяютсяываютсяываютсяываютсяываютсяываютсяываютсяютсяываютсяываютсяываютсяываютсяываютсяываютсяютсяываютсяываютсяываютсяываютсяываютсяываютсяютсяываютсяываютсяываютсяываютсяываютсяываютсяютсяываютсяываютсяываютсяываютсяываютсяываютсяютсяываютсяываютсяываютсяываютсяываютсяываютсяютсяываютсяываютсяываютсяываютсяываютсяываютсяютсяываютсяываютсяываютсяываютсяываютсяываютсяютсяываютсяываютсяываютсяываютсяываютсяываютсяютсяываютсяываютсяываютсяываютсяываютсяываютсяютсяываютсяываютсяываютсяываютсяываютсяываютсяютсяываютсяываютсяываютсяываютсяываютсяываютсяютсяываютсяываютсяываютсяываютсяываютсяываютсяютсяываютсяываютсяываютсяываютсяываютсяываютсяютсяываютсяываютсяываютсяываютсяываютсяываютсяютсяываютсяываютсяываютсяываютсяываютсяываютсяютсяываютсяываютсяываютсяываютсяываютсяываютсяютсяываютсяываютсяываютсяываютсяываютсяываютсяютсяываютсяываютсяываютсяываютсяываютсяываютсяютсяываютсяываютсяываютсяываютсяываютсяываютсяютсяываютсяютсяываютсяываютсяываютсяываютсяываютсяываютсяются", "numeric_answer": null, "relative_error": null, "thinking_text": null, "has_tool_call": false, "tool_call": null, "usage": {"prompt_tokens": 108, "completion_tokens": 256, "total_tokens": 364, "token_count_source": "tokenizer"}, "decoding": {"temperature": 0.2, "top_p": null, "top_k": null, "max_tokens": 256, "seed": 42}, "prompt_tokens": 108, "completion_tokens": 256, "total_tokens": 364, "token_count_source": "tokenizer", "diffusion_steps": null, "flops_estimate": null, "flops_arch": null, "flops_model_params": null, "flops_active_params": null, "tokens_non_final": 1, "tokens_reasoning": 0, "tokens_response": 1, "elapsed_seconds": 18.81561517715454, "judgement": "Uncategorized"}
{"id": "fermi_000723", "topic": "fermi", "subtopic": "crowd_density", "prompt": "A plaza is about 50 m by 30 m, with roughly 4 people per square meter. About how many people are there?", "exact_value": 6000, "model": "tiiuae/Falcon-H1-7B-Instruct", "provider": "transformers", "response": "Finalютсяываютсяываютсяываютсяываютсяываютсяываютсяываютсяываютсяываютсяываютсяываютсяываютсяываютсяываютсяываютсяываютсяютсяываютсяываютсяываютсяываютсяываютсяютсяываютсяываютсяываютсяываютсяываютсяываютсяютсяываютсяываютсяываютсяываютсяываютсяютсяываютсяываютсяываютсяываютсяываютсяютсяываютсяютсяываютсяываютсяываютсяываютсяываютсяютсяываютсяютсяываютсяываютсяываютсяываютсяываютсяютсяываютсяютсяываютсяываютсяываютсяываютсяываютсяютсяываютсяютсяываютсяываютсяываютсяываютсяываютсяютсяываютсяютсяываютсяютсяываютсяютсяываютсяываютсяютсяываютсяютсяываютсяютсяываютсяютсяываютсяютсяываютсяютсяываютсяютсяываютсяютсяываютсяютсяываютсяютсяываютсяютсяываютсяютсяываютсяютсяываютсяютсяываютсяютсяываютсяютсяываютсяютсяываютсяютсяываютсяютсяываютсяютсяываютсяютсяываютсяютсяываютсяютсяываютсяютсяываютсяютсяываютсяютсяываютсяютсяываютсяютсяываютсяютсяываютсяютсяываютсяютсяываютсяютсяываютсяютсяываютсяютсяываютсяютсяываютсяютсяываютсяютсяываютсяютсяываютсяютсяываютсяютсяываютсяютсяываютсяютсяываютсяютсяываютсяютсяываютсяютсяываютсяютсяываютсяютсяываютсяютсяываютсяютсяываютсяютсяываютсяютсяываютсяютсяываютсяютсяываютсяютсяываютсяютсяываютсяютсяываютсяютсяываютсяютсяываютсяютсяываютсяютсяываютсяютсяываютсяютсяываютсяютсяываютсяютсяываютсяютсяываютсяютсяываютсяютсяываютсяютсяываютсяютсяываютсяютсяываютсяютсяываютсяютсяываютсяютсяываютсяютсяываютсяютсяываютсяютсяываютсяютсяываютсяютсяываютсяютсяываютсяютсяываютсяютсяываютсяютсяываютсяютсяываютсяютсяываютсяютсяываютсяютсяываются", "numeric_answer": null, "relative_error": null, "thinking_text": null, "has_tool_call": false, "tool_call": null, "usage": {"prompt_tokens": 108, "completion_tokens": 256, "total_tokens": 364, "token_count_source": "tokenizer"}, "decoding": {"temperature": 0.2, "top_p": null, "top_k": null, "max_tokens": 256, "seed": 42}, "prompt_tokens": 108, "completion_tokens": 256, "total_tokens": 364, "token_count_source": "tokenizer", "diffusion_steps": null, "flops_estimate": null, "flops_arch": null, "flops_model_params": null, "flops_active_params": null, "tokens_non_final": 1, "tokens_reasoning": 0, "tokens_response": 1, "elapsed_seconds": 18.769685745239258, "judgement": "Uncategorized"}
{"id": "fermi_000743", "topic": "fermi", "subtopic": "crowd_density", "prompt": "A plaza is about 50 m by 25 m, with roughly 4 people per square meter. About how many people are there?", "exact_value": 5000, "model": "tiiuae/Falcon-H1-7B-Instruct", "provider": "transformers", "response": "Finalютсяываютсяываютсяываютсяываютсяываютсяываютсяываютсяываютсяываютсяываютсяываютсяываютсяываютсяываютсяываютсяываютсяываютсяютсяываютсяываютсяываютсяываютсяываютсяываютсяываютсяываютсяываютсяютсяываютсяываютсяываютсяываютсяываютсяываютсяываютсяываютсяываютсяютсяываютсяываютсяываютсяютсяываютсяютсяываютсяываютсяываютсяютсяываютсяютсяываютсяываютсяываютсяываютсяываютсяываютсяываютсяютсяываютсяютсяываютсяываютсяываютсяываютсяываютсяываютсяываютсяываютсяываютсяютсяываютсяываютсяютсяываютсяютсяываютсяютсяываютсяютсяываютсяютсяываютсяютсяываютсяютсяываютсяютсяываютсяютсяываютсяютсяываютсяютсяываютсяютсяываютсяютсяываютсяютсяываютсяютсяываютсяютсяываютсяютсяываютсяютсяываютсяютсяываютсяютсяываютсяютсяываютсяютсяываютсяютсяываютсяютсяываютсяютсяываютсяютсяываютсяютсяываютсяютсяываютсяютсяываютсяютсяываютсяютсяываютсяютсяываютсяютсяываютсяютсяываютсяютсяываютсяютсяываютсяютсяываютсяютсяываютсяютсяываютсяютсяываютсяютсяываютсяютсяываютсяютсяываютсяютсяываютсяютсяываютсяютсяываютсяютсяываютсяютсяываютсяютсяываютсяютсяываютсяютсяываютсяютсяываютсяютсяываютсяютсяываютсяютсяываютсяютсяываютсяютсяываютсяютсяываютсяютсяываютсяютсяываютсяютсяываютсяютсяываютсяютсяываютсяютсяываютсяютсяываютсяютсяываютсяютсяываютсяютсяываютсяютсяываютсяютсяываютсяютсяываютсяютсяываютсяютсяываютсяютсяываютсяютсяываютсяютсяываютсяютсяываютсяютсяываютсяютсяываютсяютсяываютсяютсяываютсяютсяываютсяютсяываютсяютсяываютсяютсяываютсяютсяываютсяютсяываютсяютсяываютсяютсяываютсяютсяываютсяютсяываются", "numeric_answer": null, "relative_error": null, "thinking_text": null, "has_tool_call": false, "tool_call": null, "usage": {"prompt_tokens": 108, "completion_tokens": 256, "total_tokens": 364, "token_count_source": "tokenizer"}, "decoding": {"temperature": 0.2, "top_p": null, "top_k": null, "max_tokens": 256, "seed": 42}, "prompt_tokens": 108, "completion_tokens": 256, "total_tokens": 364, "token_count_source": "tokenizer", "diffusion_steps": null, "flops_estimate": null, "flops_arch": null, "flops_model_params": null, "flops_active_params": null, "tokens_non_final": 1, "tokens_reasoning": 0, "tokens_response": 1, "elapsed_seconds": 18.7784481048584, "judgement": "Uncategorized"}
{"id": "fermi_000763", "topic": "fermi", "subtopic": "crowd_density", "prompt": "A plaza is about 60 m by 35 m, with roughly 4 people per square meter. About how many people are there?", "exact_value": 8400, "model": "tiiuae/Falcon-H1-7B-Instruct", "provider": "transformers", "response": "Finalютсяываютсяываютсяываютсяываютсяываютсяываютсяываютсяываютсяываютсяываютсяываютсяютсяываютсяываютсяываютсяютсяываютсяываютсяываютсяютсяываютсяываютсяываютсяютсяываютсяываютсяываютсяютсяываютсяываютсяываютсяютсяываютсяываютсяываютсяютсяываютсяываютсяываютсяютсяываютсяываютсяютсяываютсяываютсяываютсяютсяываютсяываютсяываютсяютсяываютсяываютсяываютсяютсяываютсяываютсяываютсяютсяываютсяываютсяываютсяютсяываютсяываютсяываютсяютсяываютсяываютсяываютсяютсяываютсяываютсяываютсяютсяываютсяываютсяываютсяютсяываютсяываютсяываютсяютсяываютсяываютсяываютсяютсяываютсяываютсяываютсяютсяываютсяываютсяываютсяютсяываютсяываютсяываютсяютсяываютсяываютсяываютсяютсяываютсяываютсяываютсяютсяываютсяываютсяываютсяютсяываютсяываютсяываютсяютсяываютсяываютсяываютсяютсяываютсяываютсяываютсяютсяываютсяываютсяываютсяютсяываютсяываютсяываютсяютсяываютсяываютсяываютсяютсяываютсяываютсяываютсяютсяываютсяываютсяываютсяютсяываютсяываютсяываютсяютсяываютсяываютсяываютсяютсяываютсяываютсяываютсяютсяываютсяываютсяываютсяютсяываютсяываютсяываютсяютсяываютсяываютсяываютсяютсяываютсяываютсяываютсяютсяываютсяываютсяываютсяютсяываютсяываютсяываютсяютсяываютсяываютсяываютсяютсяываютсяываютсяываютсяютсяываютсяываютсяываютсяютсяываютсяываютсяываютсяютсяываютсяываютсяываютсяютсяываютсяываютсяываютсяютсяываютсяываютсяываютсяютсяываютсяываютсяываютсяютсяываютсяываютсяываютсяютсяываютсяываютсяываютсяютсяываютсяываютсяываютсяютсяываютсяываютсяываютсяютсяываютсяываютсяываютсяютсяываютсяываютсяываютсяютсяываютсяютсяываютсяываютсяываютсяываютсяываютсяываютсяываютсяываютсяываютсяываютсяываютсяываютсяываютсяываютсяываютсяываютсяываются", "numeric_answer": null, "relative_error": null, "thinking_text": null, "has_tool_call": false, "tool_call": null, "usage": {"prompt_tokens": 108, "completion_tokens": 256, "total_tokens": 364, "token_count_source": "tokenizer"}, "decoding": {"temperature": 0.2, "top_p": null, "top_k": null, "max_tokens": 256, "seed": 42}, "prompt_tokens": 108, "completion_tokens": 256, "total_tokens": 364, "token_count_source": "tokenizer", "diffusion_steps": null, "flops_estimate": null, "flops_arch": null, "flops_model_params": null, "flops_active_params": null, "tokens_non_final": 1, "tokens_reasoning": 0, "tokens_response": 1, "elapsed_seconds": 18.68884539604187, "judgement": "Uncategorized"}
{"id": "fermi_000783", "topic": "fermi", "subtopic": "crowd_density", "prompt": "A plaza is about 50 m by 25 m, with roughly 4 people per square meter. About how many people are there?", "exact_value": 5000, "model": "tiiuae/Falcon-H1-7B-Instruct", "provider": "transformers", "response": "Finalютсяываютсяываютсяываютсяываютсяываютсяываютсяываютсяываютсяываютсяываютсяываютсяываютсяываютсяываютсяываютсяываютсяываютсяютсяываютсяываютсяываютсяываютсяываютсяываютсяываютсяываютсяываютсяываютсяютсяываютсяываютсяываютсяываютсяываютсяываютсяываютсяываютсяываютсяываютсяываютсяютсяываютсяютсяываютсяываютсяываютсяываютсяываютсяываютсяываютсяываютсяываютсяываютсяываютсяываютсяываютсяываютсяываютсяываютсяываютсяываютсяываютсяываютсяываютсяываютсяываютсяываютсяываютсяываютсяываютсяываютсяываютсяываютсяываютсяываютсяютсяываютсяываютсяываютсяываютсяываютсяываютсяываютсяываютсяываютсяываютсяываютсяываютсяываютсяываютсяываютсяываютсяываютсяываютсяываютсяываютсяываютсяываютсяываютсяываютсяываютсяываютсяываютсяываютсяываютсяютсяываютсяываютсяываютсяываютсяываютсяютсяываютсяютсяываютсяываютсяываютсяываютсяываютсяываютсяютсяываютсяываютсяываютсяываютсяываютсяываютсяютсяываютсяываютсяываютсяываютсяываютсяываютсяютсяываютсяываютсяываютсяываютсяываютсяываютсяютсяываютсяываютсяываютсяываютсяываютсяываютсяютсяываютсяываютсяываютсяываютсяываютсяываютсяютсяываютсяываютсяываютсяютсяываютсяютсяываютсяываютсяываютсяютсяываютсяютсяываютсяываютсяываютсяываютсяываютсяываютсяютсяываютсяываютсяываютсяютсяываютсяютсяываютсяываютсяываютсяютсяываютсяютсяываютсяютсяываютсяываютсяываютсяываютсяываютсяываютсяютсяываютсяываютсяываютсяываютсяываютсяываютсяютсяываютсяываютсяываютсяываютсяываютсяываютсяютсяываютсяываютсяываютсяютсяываютсяютсяываютсяываютсяываютсяютсяываютсяютсяываютсяютсяываютсяываютсяываютсяютсяываютсяютсяываютсяютсяываютсяываютсяываютсяютсяываютсяютсяываютсяютсяываютсяываютсяываютсяютсяываютсяютсяываютсяютсяываютсяываютсяываютсяютсяываютсяются", "numeric_answer": null, "relative_error": null, "thinking_text": null, "has_tool_call": false, "tool_call": null, "usage": {"prompt_tokens": 108, "completion_tokens": 256, "total_tokens": 364, "token_count_source": "tokenizer"}, "decoding": {"temperature": 0.2, "top_p": null, "top_k": null, "max_tokens": 256, "seed": 42}, "prompt_tokens": 108, "completion_tokens": 256, "total_tokens": 364, "token_count_source": "tokenizer", "diffusion_steps": null, "flops_estimate": null, "flops_arch": null, "flops_model_params": null, "flops_active_params": null, "tokens_non_final": 1, "tokens_reasoning": 0, "tokens_response": 1, "elapsed_seconds": 18.995966911315918, "judgement": "Uncategorized"}
{"id": "fermi_000803", "topic": "fermi", "subtopic": "crowd_density", "prompt": "A plaza is about 30 m by 20 m, with roughly 2 people per square meter. About how many people are there?", "exact_value": 1200, "model": "tiiuae/Falcon-H1-7B-Instruct", "provider": "transformers", "response": "Finalютсяываютсяываютсяываютсяываютсяываютсяываютсяываютсяываютсяываютсяываютсяываютсяываютсяываютсяываютсяываютсяываютсяываютсяютсяываютсяываютсяываютсяываютсяываютсяываютсяываютсяываютсяываютсяываютсяютсяываютсяываютсяываютсяываютсяываютсяываютсяываютсяываютсяютсяываютсяываютсяываютсяываютсяываютсяютсяываютсяютсяываютсяываютсяываютсяываютсяываютсяываютсяютсяываютсяываютсяютсяываютсяываютсяютсяываютсяываютсяываютсяютсяываютсяютсяываютсяываютсяываютсяютсяываютсяываютсяываютсяываютсяываютсяываютсяываютсяываютсяываютсяываютсяываютсяываютсяываютсяываютсяываютсяываютсяываютсяываютсяываютсяываютсяываютсяываютсяываютсяываютсяываютсяываютсяываютсяываютсяываютсяываютсяываютсяываютсяываютсяываютсяываютсяываютсяываютсяываютсяываютсяываютсяываютсяываютсяываютсяываютсяываютсяываютсяываютсяываютсяываютсяываютсяываютсяываютсяываютсяываютсяываютсяываютсяываютсяываютсяываютсяываютсяываютсяываютсяываютсяываютсяываютсяываютсяываютсяываютсяываютсяываютсяываютсяываютсяываютсяываютсяываютсяываютсяываютсяываютсяываютсяываютсяываютсяываютсяываютсяываютсяываютсяываютсяываютсяываютсяываютсяываютсяываютсяываютсяываютсяываютсяываютсяываютсяываютсяываютсяываютсяываютсяываютсяываютсяываютсяываютсяываютсяываютсяываютсяываютсяываютсяываютсяываютсяываютсяываютсяываютсяываютсяываютсяываютсяываютсяываютсяываютсяываютсяываютсяываютсяываютсяываютсяываютсяываютсяываютсяываютсяываютсяываютсяываютсяываютсяываютсяываютсяываютсяываютсяываютсяываютсяываютсяываютсяываютсяываютсяываютсяываютсяываютсяываютсяываютсяываютсяываютсяываютсяываютсяываютсяываютсяываютсяываютсяываютсяываютсяываютсяываютсяываютсяываютсяываютсяываютсяютсяываютсяываютсяываютсяываютсяываютсяываютсяываютсяываютсяываютсяываютсяываютсяываютсяываютсяываютсяываютсяываютсяываютсяываютсяываютсяываются", "numeric_answer": null, "relative_error": null, "thinking_text": null, "has_tool_call": false, "tool_call": null, "usage": {"prompt_tokens": 108, "completion_tokens": 256, "total_tokens": 364, "token_count_source": "tokenizer"}, "decoding": {"temperature": 0.2, "top_p": null, "top_k": null, "max_tokens": 256, "seed": 42}, "prompt_tokens": 108, "completion_tokens": 256, "total_tokens": 364, "token_count_source": "tokenizer", "diffusion_steps": null, "flops_estimate": null, "flops_arch": null, "flops_model_params": null, "flops_active_params": null, "tokens_non_final": 1, "tokens_reasoning": 0, "tokens_response": 1, "elapsed_seconds": 18.621412992477417, "judgement": "Uncategorized"}
{"id": "fermi_000823", "topic": "fermi", "subtopic": "crowd_density", "prompt": "A plaza is about 50 m by 20 m, with roughly 3 people per square meter. About how many people are there?", "exact_value": 3000, "model": "tiiuae/Falcon-H1-7B-Instruct", "provider": "transformers", "response": "Finalютсяываютсяываютсяываютсяываютсяываютсяываютсяываютсяываютсяываютсяываютсяываютсяываютсяываютсяываютсяываютсяываютсяютсяываютсяываютсяываютсяываютсяываютсяютсяываютсяываютсяываютсяываютсяываютсяываютсяютсяываютсяываютсяываютсяываютсяываютсяываютсяютсяываютсяываютсяываютсяываютсяываютсяываютсяютсяываютсяываютсяываютсяываютсяываютсяываютсяютсяываютсяываютсяываютсяываютсяываютсяываютсяютсяываютсяываютсяываютсяютсяываютсяываютсяываютсяываютсяываютсяываютсяютсяываютсяываютсяываютсяываютсяываютсяываютсяютсяываютсяываютсяываютсяываютсяываютсяываютсяютсяываютсяываютсяываютсяываютсяываютсяываютсяютсяываютсяываютсяываютсяываютсяываютсяываютсяютсяываютсяываютсяываютсяываютсяываютсяываютсяютсяываютсяываютсяываютсяываютсяываютсяываютсяютсяываютсяываютсяываютсяываютсяываютсяываютсяютсяываютсяываютсяываютсяываютсяываютсяываютсяютсяываютсяываютсяываютсяываютсяываютсяываютсяютсяываютсяываютсяываютсяываютсяываютсяываютсяютсяываютсяываютсяываютсяываютсяываютсяываютсяютсяываютсяываютсяываютсяываютсяываютсяываютсяютсяываютсяываютсяываютсяываютсяываютсяываютсяютсяываютсяываютсяываютсяываютсяываютсяываютсяютсяываютсяываютсяываютсяываютсяываютсяываютсяютсяываютсяываютсяываютсяываютсяываютсяываютсяютсяываютсяываютсяываютсяываютсяываютсяываютсяютсяываютсяываютсяываютсяываютсяываютсяываютсяютсяываютсяываютсяываютсяываютсяываютсяываютсяютсяываютсяываютсяываютсяываютсяываютсяываютсяютсяываютсяываютсяываютсяываютсяываютсяываютсяютсяываютсяываютсяываютсяываютсяываютсяываютсяютсяываютсяываютсяываютсяываютсяываютсяываютсяютсяываютсяываютсяываютсяываютсяываютсяываютсяютсяываютсяываютсяываютсяютсяываютсяываютсяываютсяываютсяываютсяываютсяютсяываютсяываютсяываютсяываютсяываютсяываются", "numeric_answer": null, "relative_error": null, "thinking_text": null, "has_tool_call": false, "tool_call": null, "usage": {"prompt_tokens": 108, "completion_tokens": 256, "total_tokens": 364, "token_count_source": "tokenizer"}, "decoding": {"temperature": 0.2, "top_p": null, "top_k": null, "max_tokens": 256, "seed": 42}, "prompt_tokens": 108, "completion_tokens": 256, "total_tokens": 364, "token_count_source": "tokenizer", "diffusion_steps": null, "flops_estimate": null, "flops_arch": null, "flops_model_params": null, "flops_active_params": null, "tokens_non_final": 1, "tokens_reasoning": 0, "tokens_response": 1, "elapsed_seconds": 18.352056741714478, "judgement": "Uncategorized"}
{"id": "fermi_000843", "topic": "fermi", "subtopic": "crowd_density", "prompt": "A plaza is about 40 m by 30 m, with roughly 2 people per square meter. About how many people are there?", "exact_value": 2400, "model": "tiiuae/Falcon-H1-7B-Instruct", "provider": "transformers", "response": "Finalютсяываютсяываютсяываютсяываютсяываютсяываютсяываютсяываютсяываютсяываютсяываютсяываютсяываютсяываютсяываютсяываютсяываютсяютсяываютсяываютсяываютсяываютсяываютсяютсяываютсяываютсяываютсяываютсяываютсяываютсяютсяываютсяываютсяываютсяываютсяываютсяываютсяютсяываютсяываютсяываютсяываютсяываютсяываютсяютсяываютсяываютсяываютсяываютсяываютсяываютсяютсяываютсяываютсяываютсяываютсяываютсяываютсяютсяываютсяываютсяываютсяываютсяываютсяываютсяютсяываютсяываютсяываютсяываютсяываютсяываютсяютсяываютсяываютсяываютсяываютсяываютсяываютсяютсяываютсяываютсяываютсяываютсяываютсяываютсяютсяываютсяываютсяываютсяываютсяываютсяываютсяютсяываютсяываютсяываютсяываютсяываютсяываютсяютсяываютсяываютсяываютсяываютсяываютсяываютсяютсяываютсяываютсяываютсяываютсяываютсяываютсяютсяываютсяываютсяываютсяываютсяываютсяываютсяютсяываютсяываютсяываютсяываютсяываютсяываютсяютсяываютсяываютсяываютсяываютсяываютсяываютсяютсяываютсяываютсяываютсяываютсяываютсяываютсяютсяываютсяываютсяываютсяываютсяываютсяываютсяютсяываютсяываютсяываютсяываютсяываютсяываютсяютсяываютсяываютсяываютсяываютсяываютсяываютсяютсяываютсяываютсяываютсяываютсяываютсяываютсяютсяываютсяываютсяываютсяываютсяываютсяываютсяютсяываютсяываютсяываютсяываютсяываютсяываютсяютсяываютсяываютсяываютсяываютсяываютсяываютсяютсяываютсяываютсяываютсяываютсяываютсяываютсяютсяываютсяываютсяываютсяываютсяываютсяываютсяютсяываютсяываютсяываютсяютсяываютсяываютсяываютсяываютсяываютсяываютсяютсяываютсяываютсяываютсяываютсяываютсяываютсяютсяываютсяываютсяываютсяываютсяываютсяываютсяютсяываютсяываютсяываютсяываютсяываютсяываютсяютсяываютсяываютсяываютсяываютсяываютсяываютсяютсяываютсяываютсяываютсяываютсяываютсяываютсяютсяываютсяываются", "numeric_answer": null, "relative_error": null, "thinking_text": null, "has_tool_call": false, "tool_call": null, "usage": {"prompt_tokens": 108, "completion_tokens": 256, "total_tokens": 364, "token_count_source": "tokenizer"}, "decoding": {"temperature": 0.2, "top_p": null, "top_k": null, "max_tokens": 256, "seed": 42}, "prompt_tokens": 108, "completion_tokens": 256, "total_tokens": 364, "token_count_source": "tokenizer", "diffusion_steps": null, "flops_estimate": null, "flops_arch": null, "flops_model_params": null, "flops_active_params": null, "tokens_non_final": 1, "tokens_reasoning": 0, "tokens_response": 1, "elapsed_seconds": 18.52254581451416, "judgement": "Uncategorized"}
{"id": "fermi_000863", "topic": "fermi", "subtopic": "crowd_density", "prompt": "A plaza is about 50 m by 35 m, with roughly 4 people per square meter. About how many people are there?", "exact_value": 7000, "model": "tiiuae/Falcon-H1-7B-Instruct", "provider": "transformers", "response": "Finalютсяываютсяываютсяываютсяываютсяываютсяываютсяываютсяываютсяываютсяываютсяываютсяываютсяываютсяываютсяываютсяываютсяютсяываютсяываютсяываютсяываютсяываютсяютсяываютсяываютсяываютсяываютсяываютсяываютсяютсяываютсяываютсяываютсяываютсяываютсяываютсяютсяываютсяываютсяываютсяываютсяываютсяываютсяютсяываютсяываютсяываютсяютсяываютсяютсяываютсяываютсяываютсяываютсяываютсяываютсяютсяываютсяываютсяываютсяываютсяываютсяываютсяютсяываютсяываютсяываютсяываютсяываютсяываютсяютсяываютсяываютсяываютсяываютсяываютсяываютсяютсяываютсяываютсяываютсяываютсяываютсяываютсяютсяываютсяываютсяываютсяываютсяываютсяываютсяютсяываютсяываютсяываютсяываютсяываютсяываютсяютсяываютсяываютсяываютсяываютсяываютсяываютсяютсяываютсяываютсяываютсяываютсяываютсяываютсяютсяываютсяываютсяываютсяываютсяываютсяываютсяютсяываютсяываютсяываютсяываютсяываютсяываютсяютсяываютсяываютсяываютсяываютсяываютсяываютсяютсяываютсяываютсяываютсяываютсяываютсяываютсяютсяываютсяываютсяываютсяываютсяываютсяываютсяютсяываютсяываютсяываютсяываютсяываютсяываютсяютсяываютсяываютсяываютсяываютсяываютсяываютсяютсяываютсяываютсяываютсяываютсяываютсяываютсяютсяываютсяываютсяываютсяываютсяываютсяываютсяютсяываютсяываютсяываютсяываютсяываютсяываютсяютсяываютсяываютсяываютсяываютсяываютсяываютсяютсяываютсяываютсяываютсяютсяываютсяютсяываютсяываютсяываютсяываютсяываютсяываютсяютсяываютсяываютсяываютсяываютсяываютсяываютсяютсяываютсяываютсяываютсяываютсяываютсяываютсяютсяываютсяываютсяываютсяываютсяываютсяываютсяютсяываютсяываютсяываютсяываютсяываютсяываютсяютсяываютсяютсяываютсяываютсяываютсяываютсяываютсяываютсяютсяываютсяываютсяываютсяываютсяываютсяываютсяютсяываютсяываютсяываютсяютсяываютсяютсяываются", "numeric_answer": null, "relative_error": null, "thinking_text": null, "has_tool_call": false, "tool_call": null, "usage": {"prompt_tokens": 108, "completion_tokens": 256, "total_tokens": 364, "token_count_source": "tokenizer"}, "decoding": {"temperature": 0.2, "top_p": null, "top_k": null, "max_tokens": 256, "seed": 42}, "prompt_tokens": 108, "completion_tokens": 256, "total_tokens": 364, "token_count_source": "tokenizer", "diffusion_steps": null, "flops_estimate": null, "flops_arch": null, "flops_model_params": null, "flops_active_params": null, "tokens_non_final": 1, "tokens_reasoning": 0, "tokens_response": 1, "elapsed_seconds": 18.552176237106323, "judgement": "Uncategorized"}
{"id": "fermi_000883", "topic": "fermi", "subtopic": "crowd_density", "prompt": "A plaza is about 60 m by 20 m, with roughly 4 people per square meter. About how many people are there?", "exact_value": 4800, "model": "tiiuae/Falcon-H1-7B-Instruct", "provider": "transformers", "response": "Finalютсяываютсяываютсяываютсяываютсяываютсяываютсяываютсяываютсяываютсяываютсяываютсяываютсяываютсяываютсяываютсяютсяываютсяываютсяываютсяываютсяываютсяываютсяываютсяываютсяываютсяываютсяютсяываютсяываютсяываютсяываютсяываютсяываютсяываютсяываютсяютсяываютсяютсяываютсяываютсяываютсяютсяываютсяываютсяываютсяываютсяываютсяываютсяываютсяываютсяываютсяываютсяываютсяываютсяываютсяываютсяываютсяываютсяываютсяютсяываютсяываютсяываютсяываютсяываютсяываютсяютсяываютсяютсяываютсяываютсяываютсяываютсяываютсяываютсяываютсяываютсяываютсяываютсяываютсяываютсяываютсяываютсяываютсяываютсяываютсяываютсяываютсяываютсяываютсяютсяываютсяываютсяютсяываютсяываютсяываютсяываютсяываютсяываютсяываютсяываютсяываютсяываютсяываютсяываютсяываютсяываютсяываютсяываютсяываютсяываютсяываютсяываютсяываютсяываютсяываютсяываютсяываютсяываютсяываютсяываютсяютсяываютсяютсяываютсяываютсяываютсяываютсяываютсяываютсяываютсяютсяываютсяютсяываютсяываютсяываютсяываютсяываютсяываютсяываютсяютсяываютсяютсяываютсяываютсяываютсяютсяываютсяываютсяываютсяываютсяываютсяываютсяываютсяютсяываютсяютсяываютсяываютсяютсяываютсяютсяываютсяываютсяываютсяютсяываютсяываютсяываютсяываютсяываютсяываютсяываютсяютсяываютсяютсяываютсяываютсяываютсяютсяываютсяываютсяываютсяываютсяываютсяываютсяываютсяютсяываютсяютсяываютсяываютсяютсяываютсяютсяываютсяываютсяываютсяютсяываютсяываютсяываютсяываютсяываютсяываютсяываютсяютсяываютсяютсяываютсяываютсяываютсяютсяываютсяываютсяываютсяываютсяываютсяываютсяываютсяютсяываютсяютсяываютсяываютсяютсяываютсяютсяываютсяываютсяываютсяютсяываютсяываютсяываютсяываютсяываютсяываютсяютсяываютсяютсяываютсяютсяываютсяываютсяываютсяютсяываютсяываютсяываютсяываютсяываются", "numeric_answer": null, "relative_error": null, "thinking_text": null, "has_tool_call": false, "tool_call": null, "usage": {"prompt_tokens": 108, "completion_tokens": 256, "total_tokens": 364, "token_count_source": "tokenizer"}, "decoding": {"temperature": 0.2, "top_p": null, "top_k": null, "max_tokens": 256, "seed": 42}, "prompt_tokens": 108, "completion_tokens": 256, "total_tokens": 364, "token_count_source": "tokenizer", "diffusion_steps": null, "flops_estimate": null, "flops_arch": null, "flops_model_params": null, "flops_active_params": null, "tokens_non_final": 1, "tokens_reasoning": 0, "tokens_response": 1, "elapsed_seconds": 18.58951735496521, "judgement": "Uncategorized"}
{"id": "fermi_000903", "topic": "fermi", "subtopic": "crowd_density", "prompt": "A plaza is about 60 m by 20 m, with roughly 1 people per square meter. About how many people are there?", "exact_value": 1200, "model": "tiiuae/Falcon-H1-7B-Instruct", "provider": "transformers", "response": "Finalютсяываютсяываютсяываютсяываютсяываютсяываютсяываютсяываютсяываютсяываютсяываютсяываютсяываютсяываютсяываютсяываютсяютсяываютсяываютсяываютсяываютсяываютсяютсяываютсяываютсяываютсяываютсяываютсяютсяываютсяываютсяываютсяываютсяываютсяютсяываютсяываютсяываютсяываютсяываютсяютсяываютсяютсяываютсяываютсяываютсяываютсяываютсяютсяываютсяываютсяываютсяываютсяываютсяютсяываютсяютсяываютсяютсяываютсяываютсяютсяываютсяютсяываютсяютсяываютсяютсяываютсяютсяываютсяютсяываютсяютсяываютсяютсяываютсяютсяываютсяютсяываютсяютсяываютсяютсяываютсяютсяываютсяютсяываютсяютсяываютсяютсяываютсяютсяываютсяютсяываютсяютсяываютсяютсяываютсяютсяываютсяютсяываютсяютсяываютсяютсяываютсяютсяываютсяютсяываютсяютсяываютсяютсяываютсяютсяываютсяютсяываютсяютсяываютсяютсяываютсяютсяываютсяютсяываютсяютсяываютсяютсяываютсяютсяываютсяютсяываютсяютсяываютсяютсяываютсяютсяываютсяютсяываютсяютсяываютсяютсяываютсяютсяываютсяютсяываютсяютсяываютсяютсяываютсяютсяываютсяютсяываютсяютсяываютсяютсяываютсяютсяываютсяютсяываютсяютсяываютсяютсяываютсяютсяываютсяютсяываютсяютсяываютсяютсяываютсяютсяываютсяютсяываютсяютсяываютсяютсяываютсяютсяываютсяютсяываютсяютсяываютсяютсяываютсяютсяываютсяютсяываютсяютсяываютсяютсяываютсяютсяываютсяютсяываютсяютсяываютсяютсяываютсяютсяываютсяютсяываютсяютсяываютсяютсяываютсяютсяываютсяютсяываютсяютсяываютсяютсяываютсяютсяываютсяютсяываютсяютсяываютсяютсяываютсяютсяываютсяютсяываютсяютсяываютсяютсяываютсяютсяываютсяютсяываютсяютсяываютсяютсяываютсяются", "numeric_answer": null, "relative_error": null, "thinking_text": null, "has_tool_call": false, "tool_call": null, "usage": {"prompt_tokens": 108, "completion_tokens": 256, "total_tokens": 364, "token_count_source": "tokenizer"}, "decoding": {"temperature": 0.2, "top_p": null, "top_k": null, "max_tokens": 256, "seed": 42}, "prompt_tokens": 108, "completion_tokens": 256, "total_tokens": 364, "token_count_source": "tokenizer", "diffusion_steps": null, "flops_estimate": null, "flops_arch": null, "flops_model_params": null, "flops_active_params": null, "tokens_non_final": 1, "tokens_reasoning": 0, "tokens_response": 1, "elapsed_seconds": 18.533300399780273, "judgement": "Uncategorized"}
{"id": "fermi_000923", "topic": "fermi", "subtopic": "crowd_density", "prompt": "A plaza is about 30 m by 20 m, with roughly 3 people per square meter. About how many people are there?", "exact_value": 1800, "model": "tiiuae/Falcon-H1-7B-Instruct", "provider": "transformers", "response": "Finalютсяываютсяываютсяываютсяываютсяываютсяываютсяываютсяываютсяываютсяываютсяываютсяываютсяываютсяываютсяываютсяываютсяютсяываютсяываютсяываютсяываютсяываютсяютсяываютсяываютсяываютсяываютсяываютсяютсяываютсяываютсяываютсяываютсяываютсяютсяываютсяютсяываютсяываютсяываютсяываютсяываютсяютсяываютсяютсяываютсяываютсяываютсяываютсяываютсяютсяываютсяютсяываютсяютсяываютсяютсяываютсяываютсяютсяываютсяютсяываютсяываютсяютсяываютсяютсяываютсяютсяываютсяютсяываютсяютсяываютсяютсяываютсяютсяываютсяютсяываютсяютсяываютсяютсяываютсяютсяываютсяютсяываютсяютсяываютсяютсяываютсяютсяываютсяютсяываютсяютсяываютсяютсяываютсяютсяываютсяютсяываютсяютсяываютсяютсяываютсяютсяываютсяютсяываютсяютсяываютсяютсяываютсяютсяываютсяютсяываютсяютсяываютсяютсяываютсяютсяываютсяютсяываютсяютсяываютсяютсяываютсяютсяываютсяютсяываютсяютсяываютсяютсяываютсяютсяываютсяютсяываютсяютсяываютсяютсяываютсяютсяываютсяютсяываютсяютсяываютсяютсяываютсяютсяываютсяютсяываютсяютсяываютсяютсяываютсяютсяываютсяютсяываютсяютсяываютсяютсяываютсяютсяываютсяютсяываютсяютсяываютсяютсяываютсяютсяываютсяютсяываютсяютсяываютсяютсяываютсяютсяываютсяютсяываютсяютсяываютсяютсяываютсяютсяываютсяютсяываютсяютсяываютсяютсяываютсяютсяываютсяютсяываютсяютсяываютсяютсяываютсяютсяываютсяютсяываютсяютсяываютсяютсяываютсяютсяываютсяютсяываютсяютсяываютсяютсяываютсяютсяываютсяютсяываютсяютсяываютсяютсяываютсяютсяываютсяютсяываютсяютсяываютсяютсяываютсяютсяываютсяютсяываютсяютсяываютсяютсяываютсяютсяываются", "numeric_answer": null, "relative_error": null, "thinking_text": null, "has_tool_call": false, "tool_call": null, "usage": {"prompt_tokens": 108, "completion_tokens": 256, "total_tokens": 364, "token_count_source": "tokenizer"}, "decoding": {"temperature": 0.2, "top_p": null, "top_k": null, "max_tokens": 256, "seed": 42}, "prompt_tokens": 108, "completion_tokens": 256, "total_tokens": 364, "token_count_source": "tokenizer", "diffusion_steps": null, "flops_estimate": null, "flops_arch": null, "flops_model_params": null, "flops_active_params": null, "tokens_non_final": 1, "tokens_reasoning": 0, "tokens_response": 1, "elapsed_seconds": 18.46927523612976, "judgement": "Uncategorized"}
{"id": "fermi_000943", "topic": "fermi", "subtopic": "crowd_density", "prompt": "A plaza is about 50 m by 25 m, with roughly 1 people per square meter. About how many people are there?", "exact_value": 1250, "model": "tiiuae/Falcon-H1-7B-Instruct", "provider": "transformers", "response": "Finalютсяываютсяываютсяываютсяываютсяываютсяываютсяываютсяываютсяываютсяываютсяываютсяываютсяываютсяываютсяываютсяываютсяютсяываютсяютсяываютсяываютсяываютсяютсяываютсяываютсяютсяываютсяываютсяываютсяютсяываютсяываютсяютсяываютсяютсяываютсяютсяываютсяютсяываютсяютсяываютсяютсяываютсяютсяываютсяютсяываютсяютсяываютсяютсяываютсяютсяываютсяютсяываютсяютсяываютсяютсяываютсяываютсяютсяываютсяютсяываютсяываютсяютсяываютсяютсяываютсяютсяываютсяютсяываютсяютсяываютсяютсяываютсяютсяываютсяютсяываютсяютсяываютсяютсяываютсяютсяываютсяютсяываютсяютсяываютсяютсяываютсяютсяываютсяютсяываютсяютсяываютсяютсяываютсяютсяываютсяютсяываютсяютсяываютсяютсяываютсяютсяываютсяютсяываютсяютсяываютсяютсяываютсяютсяываютсяютсяываютсяютсяываютсяютсяываютсяютсяываютсяютсяываютсяютсяываютсяютсяываютсяютсяываютсяютсяываютсяютсяываютсяютсяываютсяютсяываютсяютсяываютсяютсяываютсяютсяываютсяютсяываютсяютсяываютсяютсяываютсяютсяываютсяютсяываютсяютсяываютсяютсяываютсяютсяываютсяютсяываютсяютсяываютсяютсяываютсяютсяываютсяютсяываютсяютсяываютсяютсяываютсяютсяываютсяютсяываютсяютсяываютсяютсяываютсяютсяываютсяютсяываютсяютсяываютсяютсяываютсяютсяываютсяютсяываютсяютсяываютсяютсяываютсяютсяываютсяютсяываютсяютсяываютсяютсяываютсяютсяываютсяютсяываютсяютсяываютсяютсяываютсяютсяываютсяютсяываютсяютсяываютсяютсяываютсяютсяываютсяютсяываютсяютсяываютсяютсяываютсяютсяываютсяютсяываютсяютсяываютсяютсяываютсяютсяываютсяютсяываютсяютсяываютсяютсяываютсяютсяываются", "numeric_answer": null, "relative_error": null, "thinking_text": null, "has_tool_call": false, "tool_call": null, "usage": {"prompt_tokens": 108, "completion_tokens": 256, "total_tokens": 364, "token_count_source": "tokenizer"}, "decoding": {"temperature": 0.2, "top_p": null, "top_k": null, "max_tokens": 256, "seed": 42}, "prompt_tokens": 108, "completion_tokens": 256, "total_tokens": 364, "token_count_source": "tokenizer", "diffusion_steps": null, "flops_estimate": null, "flops_arch": null, "flops_model_params": null, "flops_active_params": null, "tokens_non_final": 1, "tokens_reasoning": 0, "tokens_response": 1, "elapsed_seconds": 18.633947134017944, "judgement": "Uncategorized"}
{"id": "fermi_000963", "topic": "fermi", "subtopic": "crowd_density", "prompt": "A plaza is about 70 m by 35 m, with roughly 4 people per square meter. About how many people are there?", "exact_value": 9800, "model": "tiiuae/Falcon-H1-7B-Instruct", "provider": "transformers", "response": "Finalютсяываютсяываютсяываютсяываютсяываютсяываютсяываютсяываютсяываютсяываютсяываютсяываютсяываютсяываютсяываютсяываютсяютсяываютсяываютсяываютсяываютсяываютсяютсяываютсяываютсяываютсяютсяываютсяываютсяываютсяываютсяываютсяываютсяютсяываютсяываютсяываютсяютсяываютсяываютсяываютсяываютсяываютсяываютсяываютсяютсяываютсяютсяываютсяываютсяываютсяываютсяываютсяываютсяываютсяываютсяываютсяываютсяываютсяываютсяываютсяываютсяываютсяываютсяываютсяываютсяываютсяываютсяываютсяываютсяываютсяываютсяываютсяываютсяываютсяываютсяываютсяютсяываютсяываютсяываютсяываютсяываютсяываютсяываютсяываютсяываютсяываютсяываютсяываютсяываютсяываютсяываютсяываютсяываютсяываютсяываютсяываютсяываютсяываютсяываютсяываютсяываютсяываютсяываютсяываютсяываютсяываютсяываютсяываютсяываютсяываютсяываютсяываютсяываютсяываютсяываютсяываютсяываютсяываютсяываютсяываютсяываютсяываютсяываютсяываютсяываютсяываютсяываютсяываютсяютсяываютсяютсяываютсяываютсяываютсяываютсяываютсяываютсяываютсяываютсяываютсяываютсяываютсяываютсяываютсяываютсяываютсяываютсяываютсяываютсяываютсяываютсяываютсяываютсяываютсяываютсяываютсяываютсяываютсяываютсяываютсяываютсяываютсяываютсяываютсяываютсяываютсяываютсяываютсяываютсяываютсяютсяываютсяютсяываютсяываютсяываютсяываютсяываютсяываютсяютсяываютсяываютсяютсяываютсяываютсяютсяываютсяываютсяываютсяываютсяываютсяываютсяютсяываютсяываютсяываютсяютсяываютсяютсяываютсяываютсяютсяываютсяываютсяываютсяютсяываютсяютсяываютсяываютсяываютсяютсяываютсяываютсяываютсяываютсяываютсяываютсяываютсяютсяываютсяютсяываютсяываютсяываютсяютсяываютсяываютсяываютсяываютсяываютсяываютсяываютсяютсяываютсяютсяываютсяываютсяываютсяютсяываютсяываютсяываютсяываютсяываютсяываютсяываютсяютсяываютсяютсяываютсяываются", "numeric_answer": null, "relative_error": null, "thinking_text": null, "has_tool_call": false, "tool_call": null, "usage": {"prompt_tokens": 108, "completion_tokens": 256, "total_tokens": 364, "token_count_source": "tokenizer"}, "decoding": {"temperature": 0.2, "top_p": null, "top_k": null, "max_tokens": 256, "seed": 42}, "prompt_tokens": 108, "completion_tokens": 256, "total_tokens": 364, "token_count_source": "tokenizer", "diffusion_steps": null, "flops_estimate": null, "flops_arch": null, "flops_model_params": null, "flops_active_params": null, "tokens_non_final": 1, "tokens_reasoning": 0, "tokens_response": 1, "elapsed_seconds": 18.667049169540405, "judgement": "Uncategorized"}
{"id": "fermi_000983", "topic": "fermi", "subtopic": "crowd_density", "prompt": "A plaza is about 50 m by 25 m, with roughly 3 people per square meter. About how many people are there?", "exact_value": 3750, "model": "tiiuae/Falcon-H1-7B-Instruct", "provider": "transformers", "response": "Finalютсяываютсяываютсяываютсяываютсяываютсяываютсяываютсяываютсяываютсяываютсяываютсяываютсяываютсяываютсяываютсяываютсяываютсяютсяываютсяываютсяываютсяываютсяываютсяываютсяываютсяываютсяываютсяютсяываютсяываютсяываютсяываютсяываютсяываютсяываютсяываютсяываютсяютсяываютсяываютсяываютсяютсяываютсяываютсяываютсяываютсяываютсяываютсяываютсяютсяываютсяютсяываютсяываютсяываютсяываютсяываютсяываютсяютсяываютсяываютсяютсяываютсяываютсяютсяываютсяываютсяываютсяютсяываютсяютсяываютсяываютсяываютсяываютсяываютсяываютсяываютсяютсяываютсяываютсяютсяываютсяываютсяываютсяютсяываютсяываютсяютсяываютсяываютсяютсяываютсяываютсяываютсяютсяываютсяютсяываютсяываютсяываютсяютсяываютсяываютсяютсяываютсяываютсяютсяываютсяываютсяываютсяютсяываютсяываютсяютсяываютсяываютсяютсяываютсяываютсяываютсяютсяываютсяютсяываютсяываютсяываютсяютсяываютсяываютсяютсяываютсяываютсяютсяываютсяываютсяываютсяютсяываютсяютсяываютсяываютсяываютсяютсяываютсяываютсяютсяываютсяываютсяютсяываютсяываютсяываютсяютсяываютсяютсяываютсяютсяываютсяываютсяютсяываютсяываютсяываютсяютсяываютсяютсяываютсяютсяываютсяываютсяютсяываютсяываютсяываютсяютсяываютсяютсяываютсяываютсяютсяываютсяываютсяываютсяютсяываютсяютсяываютсяютсяываютсяываютсяютсяываютсяываютсяываютсяютсяываютсяютсяываютсяютсяываютсяываютсяютсяываютсяываютсяываютсяютсяываютсяютсяываютсяютсяываютсяываютсяютсяываютсяываютсяываютсяютсяываютсяютсяываютсяютсяываютсяываютсяютсяываютсяываютсяываютсяютсяываютсяютсяываютсяютсяываютсяываютсяютсяываютсяываютсяываютсяютсяываютсяютсяываютсяютсяываютсяываютсяютсяываютсяываютсяываютсяютсяываютсяютсяываются", "numeric_answer": null, "relative_error": null, "thinking_text": null, "has_tool_call": false, "tool_call": null, "usage": {"prompt_tokens": 108, "completion_tokens": 256, "total_tokens": 364, "token_count_source": "tokenizer"}, "decoding": {"temperature": 0.2, "top_p": null, "top_k": null, "max_tokens": 256, "seed": 42}, "prompt_tokens": 108, "completion_tokens": 256, "total_tokens": 364, "token_count_source": "tokenizer", "diffusion_steps": null, "flops_estimate": null, "flops_arch": null, "flops_model_params": null, "flops_active_params": null, "tokens_non_final": 1, "tokens_reasoning": 0, "tokens_response": 1, "elapsed_seconds": 18.501057624816895, "judgement": "Uncategorized"}
{"id": "fermi_001003", "topic": "fermi", "subtopic": "crowd_density", "prompt": "A plaza is about 30 m by 25 m, with roughly 3 people per square meter. About how many people are there?", "exact_value": 2250, "model": "tiiuae/Falcon-H1-7B-Instruct", "provider": "transformers", "response": "Finalютсяываютсяываютсяываютсяываютсяываютсяываютсяываютсяываютсяываютсяываютсяываютсяываютсяываютсяываютсяываютсяываютсяютсяываютсяываютсяываютсяываютсяываютсяываютсяываютсяываютсяываютсяютсяываютсяываютсяываютсяываютсяываютсяываютсяютсяываютсяываютсяываютсяываютсяываютсяываютсяываютсяютсяываютсяываютсяываютсяываютсяываютсяютсяываютсяютсяываютсяываютсяываютсяываютсяываютсяываютсяютсяываютсяываютсяываютсяываютсяываютсяываютсяываютсяываютсяываютсяываютсяютсяываютсяываютсяываютсяываютсяываютсяываютсяываютсяываютсяываютсяываютсяютсяываютсяываютсяываютсяываютсяываютсяываютсяютсяываютсяываютсяываютсяываютсяываютсяываютсяютсяываютсяываютсяываютсяываютсяываютсяываютсяютсяываютсяываютсяываютсяываютсяываютсяываютсяютсяываютсяываютсяываютсяютсяываютсяютсяываютсяываютсяываютсяываютсяываютсяываютсяютсяываютсяываютсяываютсяываютсяываютсяываютсяютсяываютсяываютсяываютсяываютсяываютсяываютсяютсяываютсяываютсяываютсяываютсяываютсяываютсяютсяываютсяываютсяываютсяываютсяываютсяываютсяютсяываютсяываютсяываютсяываютсяываютсяываютсяютсяываютсяываютсяываютсяываютсяываютсяываютсяютсяываютсяываютсяываютсяываютсяываютсяываютсяютсяываютсяываютсяываютсяываютсяываютсяываютсяютсяываютсяываютсяываютсяываютсяываютсяываютсяютсяываютсяываютсяываютсяываютсяываютсяываютсяютсяываютсяываютсяываютсяываютсяываютсяываютсяютсяываютсяываютсяываютсяываютсяываютсяываютсяютсяываютсяываютсяываютсяываютсяываютсяываютсяютсяываютсяываютсяываютсяываютсяываютсяываютсяютсяываютсяываютсяываютсяываютсяываютсяываютсяютсяываютсяываютсяываютсяютсяываютсяютсяываютсяываютсяываютсяываютсяываютсяываютсяютсяываютсяываютсяываютсяываютсяываютсяываютсяютсяываютсяываютсяываютсяываютсяываютсяываютсяютсяываютсяываются", "numeric_answer": null, "relative_error": null, "thinking_text": null, "has_tool_call": false, "tool_call": null, "usage": {"prompt_tokens": 108, "completion_tokens": 256, "total_tokens": 364, "token_count_source": "tokenizer"}, "decoding": {"temperature": 0.2, "top_p": null, "top_k": null, "max_tokens": 256, "seed": 42}, "prompt_tokens": 108, "completion_tokens": 256, "total_tokens": 364, "token_count_source": "tokenizer", "diffusion_steps": null, "flops_estimate": null, "flops_arch": null, "flops_model_params": null, "flops_active_params": null, "tokens_non_final": 1, "tokens_reasoning": 0, "tokens_response": 1, "elapsed_seconds": 18.644886016845703, "judgement": "Uncategorized"}
{"id": "fermi_001023", "topic": "fermi", "subtopic": "crowd_density", "prompt": "A plaza is about 30 m by 25 m, with roughly 2 people per square meter. About how many people are there?", "exact_value": 1500, "model": "tiiuae/Falcon-H1-7B-Instruct", "provider": "transformers", "response": "Finalютсяываютсяываютсяываютсяываютсяываютсяываютсяываютсяываютсяываютсяываютсяываютсяываютсяываютсяываютсяываютсяываютсяютсяываютсяываютсяываютсяываютсяываютсяютсяываютсяываютсяываютсяываютсяываютсяываютсяютсяываютсяываютсяываютсяываютсяываютсяываютсяютсяываютсяываютсяываютсяываютсяываютсяываютсяютсяываютсяываютсяываютсяютсяываютсяютсяываютсяываютсяываютсяываютсяываютсяываютсяываютсяываютсяываютсяываютсяываютсяываютсяываютсяываютсяютсяываютсяываютсяываютсяываютсяываютсяываютсяываютсяываютсяываютсяываютсяываютсяываютсяываютсяываютсяываютсяываютсяываютсяываютсяываютсяываютсяываютсяываютсяываютсяываютсяываютсяываютсяываютсяываютсяываютсяываютсяываютсяываютсяываютсяываютсяываютсяываютсяываютсяываютсяываютсяываютсяываютсяютсяываютсяютсяываютсяываютсяываютсяываютсяываютсяываютсяываютсяываютсяываютсяываютсяываютсяываютсяываютсяываютсяываютсяываютсяываютсяываютсяываютсяываютсяываютсяываютсяываютсяываютсяываютсяываютсяываютсяываютсяываютсяываютсяываютсяываютсяываютсяываютсяываютсяываютсяываютсяываютсяываютсяываютсяываютсяываютсяываютсяываютсяываютсяываютсяываютсяываютсяываютсяываютсяываютсяываютсяываютсяываютсяываютсяываютсяываютсяываютсяываютсяываютсяываютсяываютсяываютсяываютсяываютсяываютсяываютсяываютсяываютсяываютсяываютсяываютсяываютсяываютсяываютсяываютсяываютсяываютсяываютсяываютсяываютсяываютсяываютсяываютсяываютсяываютсяываютсяываютсяываютсяываютсяываютсяываютсяываютсяываютсяываютсяываютсяываютсяываютсяываютсяываютсяываютсяываютсяываютсяываютсяываютсяываютсяываютсяываютсяываютсяываютсяываютсяываютсяываютсяываютсяываютсяываютсяываютсяываютсяываютсяываютсяываютсяываютсяываютсяываютсяываютсяываютсяываютсяываютсяываютсяываютсяываютсяываютсяываютсяываютсяываютсяываютсяываютсяываютсяываютсяываютсяываютсяываютсяываютсяываютсяываются", "numeric_answer": null, "relative_error": null, "thinking_text": null, "has_tool_call": false, "tool_call": null, "usage": {"prompt_tokens": 108, "completion_tokens": 256, "total_tokens": 364, "token_count_source": "tokenizer"}, "decoding": {"temperature": 0.2, "top_p": null, "top_k": null, "max_tokens": 256, "seed": 42}, "prompt_tokens": 108, "completion_tokens": 256, "total_tokens": 364, "token_count_source": "tokenizer", "diffusion_steps": null, "flops_estimate": null, "flops_arch": null, "flops_model_params": null, "flops_active_params": null, "tokens_non_final": 1, "tokens_reasoning": 0, "tokens_response": 1, "elapsed_seconds": 18.43548846244812, "judgement": "Uncategorized"}
{"id": "fermi_001043", "topic": "fermi", "subtopic": "crowd_density", "prompt": "A plaza is about 60 m by 20 m, with roughly 3 people per square meter. About how many people are there?", "exact_value": 3600, "model": "tiiuae/Falcon-H1-7B-Instruct", "provider": "transformers", "response": "Finalютсяываютсяываютсяываютсяываютсяываютсяываютсяываютсяываютсяываютсяываютсяываютсяываютсяываютсяываютсяываютсяываютсяываютсяютсяываютсяываютсяываютсяываютсяываютсяютсяываютсяютсяываютсяютсяываютсяываютсяываютсяываютсяываютсяютсяываютсяютсяываютсяютсяываютсяютсяываютсяютсяываютсяютсяываютсяютсяываютсяютсяываютсяютсяываютсяютсяываютсяютсяываютсяютсяываютсяютсяываютсяютсяываютсяютсяываютсяютсяываютсяютсяываютсяютсяываютсяютсяываютсяютсяываютсяютсяываютсяютсяываютсяютсяываютсяютсяываютсяютсяываютсяютсяываютсяютсяываютсяютсяываютсяютсяываютсяютсяываютсяютсяываютсяютсяываютсяютсяываютсяютсяываютсяютсяываютсяютсяываютсяютсяываютсяютсяываютсяютсяываютсяютсяываютсяютсяываютсяютсяываютсяютсяываютсяютсяываютсяютсяываютсяютсяываютсяютсяываютсяютсяываютсяютсяываютсяютсяываютсяютсяываютсяютсяываютсяютсяываютсяютсяываютсяютсяываютсяютсяываютсяютсяываютсяютсяываютсяютсяываютсяютсяываютсяютсяываютсяютсяываютсяютсяываютсяютсяываютсяютсяываютсяютсяываютсяютсяываютсяютсяываютсяютсяываютсяютсяываютсяютсяываютсяютсяываютсяютсяываютсяютсяываютсяютсяываютсяютсяываютсяютсяываютсяютсяываютсяютсяываютсяютсяываютсяютсяываютсяютсяываютсяютсяываютсяютсяываютсяютсяываютсяютсяываютсяютсяываютсяютсяываютсяютсяываютсяютсяываютсяютсяываютсяютсяываютсяютсяываютсяютсяываютсяютсяываютсяютсяываютсяютсяываютсяютсяываютсяютсяываютсяютсяываютсяютсяываютсяютсяываютсяютсяываютсяютсяываютсяютсяываютсяютсяываютсяютсяываютсяютсяываютсяютсяываютсяютсяываютсяются", "numeric_answer": null, "relative_error": null, "thinking_text": null, "has_tool_call": false, "tool_call": null, "usage": {"prompt_tokens": 108, "completion_tokens": 256, "total_tokens": 364, "token_count_source": "tokenizer"}, "decoding": {"temperature": 0.2, "top_p": null, "top_k": null, "max_tokens": 256, "seed": 42}, "prompt_tokens": 108, "completion_tokens": 256, "total_tokens": 364, "token_count_source": "tokenizer", "diffusion_steps": null, "flops_estimate": null, "flops_arch": null, "flops_model_params": null, "flops_active_params": null, "tokens_non_final": 1, "tokens_reasoning": 0, "tokens_response": 1, "elapsed_seconds": 18.557755708694458, "judgement": "Uncategorized"}
{"id": "fermi_001063", "topic": "fermi", "subtopic": "crowd_density", "prompt": "A plaza is about 40 m by 20 m, with roughly 1 people per square meter. About how many people are there?", "exact_value": 800, "model": "tiiuae/Falcon-H1-7B-Instruct", "provider": "transformers", "response": "Finalютсяываютсяываютсяываютсяываютсяываютсяываютсяываютсяываютсяываютсяываютсяываютсяываютсяываютсяываютсяываютсяютсяываютсяываютсяываютсяываютсяываютсяываютсяываютсяываютсяываютсяютсяываютсяываютсяываютсяываютсяываютсяываютсяываютсяываютсяываютсяываютсяютсяываютсяютсяываютсяываютсяываютсяываютсяываютсяываютсяютсяываютсяютсяываютсяываютсяываютсяываютсяываютсяываютсяываютсяютсяываютсяываютсяываютсяываютсяываютсяываютсяываютсяываютсяываютсяываютсяютсяываютсяываютсяываютсяываютсяываютсяываютсяываютсяютсяываютсяютсяываютсяываютсяываютсяываютсяываютсяываютсяываютсяютсяываютсяютсяываютсяютсяываютсяываютсяываютсяываютсяываютсяываютсяываютсяютсяываютсяютсяываютсяютсяываютсяываютсяываютсяываютсяываютсяываютсяываютсяютсяываютсяютсяываютсяютсяываютсяываютсяываютсяываютсяываютсяываютсяываютсяютсяываютсяютсяываютсяютсяываютсяываютсяываютсяываютсяываютсяываютсяываютсяютсяываютсяютсяываютсяютсяываютсяютсяываютсяываютсяютсяываютсяютсяываютсяютсяываютсяютсяываютсяютсяываютсяютсяываютсяютсяываютсяютсяываютсяютсяываютсяютсяываютсяютсяываютсяютсяываютсяютсяываютсяютсяываютсяютсяываютсяютсяываютсяютсяываютсяютсяываютсяютсяываютсяютсяываютсяютсяываютсяютсяываютсяютсяываютсяютсяываютсяютсяываютсяютсяываютсяютсяываютсяютсяываютсяютсяываютсяютсяываютсяютсяываютсяютсяываютсяютсяываютсяютсяываютсяютсяываютсяютсяываютсяютсяываютсяютсяываютсяютсяываютсяютсяываютсяютсяываютсяютсяываютсяютсяываютсяютсяываютсяютсяываютсяютсяываютсяютсяываютсяютсяываютсяютсяываютсяютсяываютсяютсяываютсяютсяываютсяютсяываютсяютсяываютсяютсяываютсяютсяываютсяются", "numeric_answer": null, "relative_error": null, "thinking_text": null, "has_tool_call": false, "tool_call": null, "usage": {"prompt_tokens": 108, "completion_tokens": 256, "total_tokens": 364, "token_count_source": "tokenizer"}, "decoding": {"temperature": 0.2, "top_p": null, "top_k": null, "max_tokens": 256, "seed": 42}, "prompt_tokens": 108, "completion_tokens": 256, "total_tokens": 364, "token_count_source": "tokenizer", "diffusion_steps": null, "flops_estimate": null, "flops_arch": null, "flops_model_params": null, "flops_active_params": null, "tokens_non_final": 1, "tokens_reasoning": 0, "tokens_response": 1, "elapsed_seconds": 18.606772899627686, "judgement": "Uncategorized"}
{"id": "travel_time_000108", "topic": "travel_time", "subtopic": "drive_time", "prompt": "You need to travel about 161 miles at around 55 mph. About how many hours will it take?", "exact_value": 2.92, "model": "tiiuae/Falcon-H1-7B-Instruct", "provider": "transformers", "response": "Finalются примерно путем деления расстояния на скорость путем времениутся примерно путем деления расстояния на скорость путем времениутся примерно путем деления расстояния на скорость путем времениутся примерно путем деления расстояния на скорость путем времениутся примерно путем деления расстояния на скорость путем времениутся примерно путем деления расстояния на скорость путем времениются примерно путем деления расстояния на скорость путем времениются примерно путем деления расстояния на скорость путем времениются примерно путем деления расстояния на скорость путем времениются примерно путем деления расстояния на скорость путем времениются примерно путем деления расстояния на скорость путем времениются примерно путем деления расстояния на скорость путем времениются примерно путем деления расстояния на скорость путем времениются примерно путем деления расстояния на скорость путем времениются примерно путем деления расстояния на скорость путем времениются примерно путем деления расстояния на скорость путем времениются примерно путем деления расстояния на скорость путем времениются примерно путем деления расстояния на скорость путем времениются примерно путем деления расстояния на скорость путем времениются примерно путем деления расстояния на скорость путем времениются примерно путем деления расстояния на скорость путем времениются примерно путем деления расстояния на скорость путем времениются примерно путем деления расстояния на скорость путем времениются примерно", "numeric_answer": null, "relative_error": null, "thinking_text": null, "has_tool_call": false, "tool_call": null, "usage": {"prompt_tokens": 102, "completion_tokens": 256, "total_tokens": 358, "token_count_source": "tokenizer"}, "decoding": {"temperature": 0.2, "top_p": null, "top_k": null, "max_tokens": 256, "seed": 42}, "prompt_tokens": 102, "completion_tokens": 256, "total_tokens": 358, "token_count_source": "tokenizer", "diffusion_steps": null, "flops_estimate": null, "flops_arch": null, "flops_model_params": null, "flops_active_params": null, "tokens_non_final": 186, "tokens_reasoning": 0, "tokens_response": 186, "elapsed_seconds": 18.525944471359253, "judgement": "Uncategorized"}
{"id": "travel_time_000128", "topic": "travel_time", "subtopic": "drive_time", "prompt": "You need to travel about 11 miles at around 45 mph. About how many hours will it take?", "exact_value": 0.2511111111111111, "model": "tiiuae/Falcon-H1-7B-Instruct", "provider": "transformers", "response": "Finalютсяwicklungрование", "numeric_answer": null, "relative_error": null, "thinking_text": null, "has_tool_call": false, "tool_call": null, "usage": {"prompt_tokens": 101, "completion_tokens": 5, "total_tokens": 106, "token_count_source": "tokenizer"}, "decoding": {"temperature": 0.2, "top_p": null, "top_k": null, "max_tokens": 256, "seed": 42}, "prompt_tokens": 101, "completion_tokens": 5, "total_tokens": 106, "token_count_source": "tokenizer", "diffusion_steps": null, "flops_estimate": null, "flops_arch": null, "flops_model_params": null, "flops_active_params": null, "tokens_non_final": 1, "tokens_reasoning": 0, "tokens_response": 1, "elapsed_seconds": 0.423107385635376, "judgement": "Uncategorized"}
{"id": "travel_time_000148", "topic": "travel_time", "subtopic": "drive_time", "prompt": "You need to travel about 189 miles at around 45 mph. About how many hours will it take?", "exact_value": 4.202222222222222, "model": "tiiuae/Falcon-H1-7B-Instruct", "provider": "transformers", "response": "Finalются примерно путем деления расстояния на скорость путем времениутся примерно путем деления расстояния на скорость путем времениутся примерно путем деления расстояния на скорость путем времениутся примерно путем деления расстояния на скорость путем времениутся примерно путем деления расстояния на скорость путем времениутся примерно путем деления расстояния на скорость путем времениутся примерно путем деления расстояния на скорость путем времениются примерно путем деления расстояния на скорость путем времениются примерно путем деления расстояния на скорость путем времениются примерно путем деления расстояния на скорость путем времениются примерно путем деления расстояния на скорость путем времениются примерно путем деления расстояния на скорость путем времениются примерно путем деления расстояния на скорость путем времениются примерно путем деления расстояния на скорость путем времениются примерно путем деления расстояния на скорость путем времениются примерно путем деления расстояния на скорость путем времениются примерно путем деления расстояния на скорость путем времениются примерно путем деления расстояния на скорость путем времениются примерно путем деления расстояния на скорость путем времениются примерно путем деления расстояния на скорость путем времениются примерно путем деления расстояния на скорость путем времениются примерно путем деления расстояния на скорость путем времениются примерно путем деления расстояния на скорость путем времениются примерно", "numeric_answer": null, "relative_error": null, "thinking_text": null, "has_tool_call": false, "tool_call": null, "usage": {"prompt_tokens": 102, "completion_tokens": 256, "total_tokens": 358, "token_count_source": "tokenizer"}, "decoding": {"temperature": 0.2, "top_p": null, "top_k": null, "max_tokens": 256, "seed": 42}, "prompt_tokens": 102, "completion_tokens": 256, "total_tokens": 358, "token_count_source": "tokenizer", "diffusion_steps": null, "flops_estimate": null, "flops_arch": null, "flops_model_params": null, "flops_active_params": null, "tokens_non_final": 186, "tokens_reasoning": 0, "tokens_response": 186, "elapsed_seconds": 18.49004030227661, "judgement": "Uncategorized"}
{"id": "travel_time_000168", "topic": "travel_time", "subtopic": "drive_time", "prompt": "You need to travel about 239 miles at around 45 mph. About how many hours will it take?", "exact_value": 5.304444444444444, "model": "tiiuae/Falcon-H1-7B-Instruct", "provider": "transformers", "response": "Finalются примерно путем деления расстояния на скорость путем использования формулы времени времени времени времени времени времени времени времени времени времени времени времени времени времени времени времени времени времени времени времени времени времени времени времени времени времени времени времени времени времени времени времени времени времени времени времени времени времени времени времени времени времени времени времени времени времени времени времени времени времени времени времени времени времени времени времени времени времени времени времени времени времени времени времени времени времени времени времени времени времени времени времени времени времени времени времени времени времени времени времени времени времени времени времени времени времени времени времени времени времени времени времени времени времени времени времени времени времени времени времени времени времени времени времени времени времени времени времени времени времени времени времени времени времени времени времени времени времени времени времени времени времени времени времени времени времени времени времени времени времени времени времени времени времени времени времени времени времени времени времени времени времени времени времени времени времени времени времени времени времени времени времени времени времени времени времени времени времени времени времени времени времени времени времени времени времени времени времени времени времени времени времени времени времени времени времени времени времени времени времени времени времени времени времени времени времени времени времени времени времени времени времени времени времени времени времени времени времени времени времени времени времени времени времени времени времени времени времени времени времени времени времени времени времени времени времени времени времени времени времени времени времени времени времени времени времени времени времени времени времени времени времени времени времени времени времени времени времени времени времени времени времени", "numeric_answer": null, "relative_error": null, "thinking_text": null, "has_tool_call": false, "tool_call": null, "usage": {"prompt_tokens": 102, "completion_tokens": 256, "total_tokens": 358, "token_count_source": "tokenizer"}, "decoding": {"temperature": 0.2, "top_p": null, "top_k": null, "max_tokens": 256, "seed": 42}, "prompt_tokens": 102, "completion_tokens": 256, "total_tokens": 358, "token_count_source": "tokenizer", "diffusion_steps": null, "flops_estimate": null, "flops_arch": null, "flops_model_params": null, "flops_active_params": null, "tokens_non_final": 252, "tokens_reasoning": 0, "tokens_response": 252, "elapsed_seconds": 18.32491374015808, "judgement": "Uncategorized"}
{"id": "travel_time_000188", "topic": "travel_time", "subtopic": "drive_time", "prompt": "You need to travel about 118 miles at around 45 mph. About how many hours will it take?", "exact_value": 2.6133333333333333, "model": "tiiuae/Falcon-H1-7B-Instruct", "provider": "transformers", "response": "Finalютсяwicklungрованиеываютсяываютсяываютсяываютсяываютсяютсяываютсяываютсяютсяываютсяываютсяываютсяываютсяютсяываютсяываютсяываютсяютсяываютсяютсяываютсяываютсяываютсяываютсяываютсяютсяываютсяываютсяываютсяываютсяываютсяютсяываютсяываютсяываютсяываютсяываютсяютсяываютсяываютсяываютсяываютсяываютсяютсяываютсяываютсяываютсяываютсяываютсяютсяываютсяываютсяываютсяываютсяываютсяютсяываютсяываютсяываютсяываютсяываютсяютсяываютсяываютсяываютсяываютсяываютсяютсяываютсяываютсяываютсяываютсяываютсяютсяываютсяываютсяываютсяываютсяываютсяютсяываютсяываютсяываютсяываютсяываютсяютсяываютсяываютсяываютсяываютсяываютсяютсяываютсяываютсяываютсяываютсяываютсяютсяываютсяываютсяываютсяываютсяываютсяютсяываютсяываютсяываютсяываютсяываютсяютсяываютсяываютсяываютсяываютсяываютсяютсяываютсяываютсяываютсяываютсяываютсяютсяываютсяываютсяываютсяываютсяываютсяютсяываютсяываютсяываютсяываютсяываютсяютсяываютсяываютсяываютсяываютсяываютсяютсяываютсяываютсяываютсяываютсяываютсяютсяываютсяываютсяываютсяываютсяываютсяютсяываютсяываютсяываютсяываютсяываютсяютсяываютсяываютсяываютсяываютсяываютсяютсяываютсяываютсяываютсяываютсяываютсяютсяываютсяываютсяываютсяываютсяываютсяютсяываютсяываютсяываютсяываютсяываютсяютсяываютсяываютсяываютсяываютсяываютсяютсяываютсяываютсяываютсяываютсяываютсяютсяываютсяываютсяываютсяываютсяываютсяютсяываютсяываютсяываютсяываютсяываютсяютсяываютсяываютсяываютсяываютсяываютсяютсяываютсяываютсяываютсяываютсяываютсяютсяываютсяываютсяываютсяываютсяываютсяютсяываютсяываютсяываютсяываютсяываютсяютсяываютсяываютсяываютсяываютсяываютсяютсяываютсяываютсяываютсяываютсяываютсяютсяываютсяютсяываютсяываютсяываютсяываютсяываютсяываютсяываютсяываются", "numeric_answer": null, "relative_error": null, "thinking_text": null, "has_tool_call": false, "tool_call": null, "usage": {"prompt_tokens": 102, "completion_tokens": 256, "total_tokens": 358, "token_count_source": "tokenizer"}, "decoding": {"temperature": 0.2, "top_p": null, "top_k": null, "max_tokens": 256, "seed": 42}, "prompt_tokens": 102, "completion_tokens": 256, "total_tokens": 358, "token_count_source": "tokenizer", "diffusion_steps": null, "flops_estimate": null, "flops_arch": null, "flops_model_params": null, "flops_active_params": null, "tokens_non_final": 1, "tokens_reasoning": 0, "tokens_response": 1, "elapsed_seconds": 18.416428089141846, "judgement": "Uncategorized"}
{"id": "travel_time_000208", "topic": "travel_time", "subtopic": "drive_time", "prompt": "You need to travel about 224 miles at around 55 mph. About how many hours will it take?", "exact_value": 4.067272727272727, "model": "tiiuae/Falcon-H1-7B-Instruct", "provider": "transformers", "response": "Finalются примерно путем деления расстояния на скорость путем времениутся примерно путем деления расстояния на скорость путем времениутся примерно путем деления расстояния на скорость путем времениутся примерно путем деления расстояния на скорость путем времениутся примерно путем деления расстояния на скорость путем времениутся примерно путем деления расстояния на скорость путем времениются примерно путем деления расстояния на скорость путем времениются примерно путем деления расстояния на скорость путем времениются примерно путем деления расстояния на скорость путем времениются примерно путем деления расстояния на скорость путем времениются примерно путем деления расстояния на скорость путем времениются примерно путем деления расстояния на скорость путем времениются примерно путем деления расстояния на скорость путем времениются примерно путем деления расстояния на скорость путем времениются примерно путем деления расстояния на скорость путем времениются примерно путем деления расстояния на скорость путем времениются примерно путем деления расстояния на скорость путем времениются примерно путем деления расстояния на скорость путем времениются примерно путем деления расстояния на скорость путем времениются примерно путем деления расстояния на скорость путем времениются примерно путем деления расстояния на скорость путем времениются примерно путем деления расстояния на скорость путем времениются примерно путем деления расстояния на скорость путем времениются примерно", "numeric_answer": null, "relative_error": null, "thinking_text": null, "has_tool_call": false, "tool_call": null, "usage": {"prompt_tokens": 102, "completion_tokens": 256, "total_tokens": 358, "token_count_source": "tokenizer"}, "decoding": {"temperature": 0.2, "top_p": null, "top_k": null, "max_tokens": 256, "seed": 42}, "prompt_tokens": 102, "completion_tokens": 256, "total_tokens": 358, "token_count_source": "tokenizer", "diffusion_steps": null, "flops_estimate": null, "flops_arch": null, "flops_model_params": null, "flops_active_params": null, "tokens_non_final": 186, "tokens_reasoning": 0, "tokens_response": 186, "elapsed_seconds": 18.286160469055176, "judgement": "Uncategorized"}
{"id": "travel_time_000228", "topic": "travel_time", "subtopic": "drive_time", "prompt": "You need to travel about 37 miles at around 45 mph. About how many hours will it take?", "exact_value": 0.8222222222222222, "model": "tiiuae/Falcon-H1-7B-Instruct", "provider": "transformers", "response": "Finalются примерно времени в пути путем использования формулы времени равной расстоянию деленное на скоростьются примерно времени в пути путем использования формулы времени равной расстоянию деленное на скоростьются примерно времениются примерно времениются примерно времениются примерно времениются примерно времениются примерно времениются примерно времениются примерно времениются примерно времениются примерно времениются примерно времениются примерно времениются примерно времениются примерно времениются примерно времениются примерно времениются примерно времениются примерно времениются примерно времениются примерно времениются примерно времениются примерно времениются примерно времениются примерно времениются примерно времениются примерно времениются примерно времениются примерно времениются примерно времениются примерно времениются примерно времениются примерно времениются примерно времениются примерно времениются примерно времениются примерно времениются примерно времениются примерно времениются примерно времениются примерно времениются примерно времениются примерно времениются примерно времениются примерно времениются примерно времениются примерно времениются примерно времениются примерно времениются примерно времениются примерно времениются примерно времениются примерно времениются примерно времениются примерно времениются примерно времениются примерно времениются примерно времениются примерно времениются примерно времениются примерно времениются примерно времениются примерно времениются примерно времениются примерно времениются примерно времениются примерно времениются примерно времениются примерно времениются примерно времениются примерно времениются примерно времениются примерно времениются примерно времени", "numeric_answer": null, "relative_error": null, "thinking_text": null, "has_tool_call": false, "tool_call": null, "usage": {"prompt_tokens": 101, "completion_tokens": 256, "total_tokens": 357, "token_count_source": "tokenizer"}, "decoding": {"temperature": 0.2, "top_p": null, "top_k": null, "max_tokens": 256, "seed": 42}, "prompt_tokens": 101, "completion_tokens": 256, "total_tokens": 357, "token_count_source": "tokenizer", "diffusion_steps": null, "flops_estimate": null, "flops_arch": null, "flops_model_params": null, "flops_active_params": null, "tokens_non_final": 173, "tokens_reasoning": 0, "tokens_response": 173, "elapsed_seconds": 18.24378252029419, "judgement": "Uncategorized"}
{"id": "travel_time_000248", "topic": "travel_time", "subtopic": "drive_time", "prompt": "You need to travel about 213 miles at around 35 mph. About how many hours will it take?", "exact_value": 6.082857142857143, "model": "tiiuae/Falcon-H1-7B-Instruct", "provider": "transformers", "response": "Finalются примерно путем деления расстояния на скорость путем времениутся примерно путем деления расстояния на скорость путем времениутся примерно путем деления расстояния на скорость путем времениутся примерно путем деления расстояния на скорость путем времениутся примерно путем деления расстояния на скорость путем времениутся примерно путем деления расстояния на скорость путем времениются путем времениутся путем времениются путем времениются путем времениутся путем времениются путем времениются путем времениются путем времениются путем времениются путем времениются путем времениются путем времениются путем времениются путем времениются путем времениются путем времениются путем времениются путем времениются путем времениются путем времениются путем времениются путем времениются путем времениются путем времениются путем времениются путем времениются путем времениются путем времениются путем времениются путем времениются путем времениются путем времениются путем времениются путем времениются путем времениются путем времениются путем времениются путем времениются путем времениются путем времениются путем времениются путем времениются путем времениются путем времениются путем времениются путем времениются путем времениются путем времениются путем времениются путем времениются путем времениются путем времениются путем времениются путем времениются путем времениются путем времениются путем времениются путем времениются путем времениются путем времениются путем времениются путем времениются путем времени", "numeric_answer": null, "relative_error": null, "thinking_text": null, "has_tool_call": false, "tool_call": null, "usage": {"prompt_tokens": 102, "completion_tokens": 256, "total_tokens": 358, "token_count_source": "tokenizer"}, "decoding": {"temperature": 0.2, "top_p": null, "top_k": null, "max_tokens": 256, "seed": 42}, "prompt_tokens": 102, "completion_tokens": 256, "total_tokens": 358, "token_count_source": "tokenizer", "diffusion_steps": null, "flops_estimate": null, "flops_arch": null, "flops_model_params": null, "flops_active_params": null, "tokens_non_final": 175, "tokens_reasoning": 0, "tokens_response": 175, "elapsed_seconds": 18.09101128578186, "judgement": "Uncategorized"}
{"id": "travel_time_000268", "topic": "travel_time", "subtopic": "drive_time", "prompt": "You need to travel about 130 miles at around 35 mph. About how many hours will it take?", "exact_value": 3.7228571428571433, "model": "tiiuae/Falcon-H1-7B-Instruct", "provider": "transformers", "response": "Finalются примерно путем деления расстояния на скорость путем времениутся примерно путем деления расстояния на скорость путем времениутся примерно путем деления расстояния на скорость путем времениутся примерно путем деления расстояния на скорость путем времениутся примерно путем деления расстояния на скорость путем времениутся примерно путем деления расстояния на скорость путем времениются примерно путем деления расстояния на скорость путем времениются примерно путем деления расстояния на скорость путем времениются примерно путем деления расстояния на скорость путем времениются примерно путем деления расстояния на скорость путем времениются примерно путем деления расстояния на скорость путем времениются примерно путем деления расстояния на скорость путем времениются примерно путем деления расстояния на скорость путем времениются примерно путем деления расстояния на скорость путем времениются примерно путем деления расстояния на скорость путем времениются примерно путем деления расстояния на скорость путем времениются примерно путем деления расстояния на скорость путем времениются примерно путем деления расстояния на скорость путем времениются примерно путем деления расстояния на скорость путем времениются примерно путем деления расстояния на скорость путем времениются примерно путем деления расстояния на скорость путем времениются примерно путем деления расстояния на скорость путем времениются примерно путем деления расстояния на скорость путем времениются примерно", "numeric_answer": null, "relative_error": null, "thinking_text": null, "has_tool_call": false, "tool_call": null, "usage": {"prompt_tokens": 102, "completion_tokens": 256, "total_tokens": 358, "token_count_source": "tokenizer"}, "decoding": {"temperature": 0.2, "top_p": null, "top_k": null, "max_tokens": 256, "seed": 42}, "prompt_tokens": 102, "completion_tokens": 256, "total_tokens": 358, "token_count_source": "tokenizer", "diffusion_steps": null, "flops_estimate": null, "flops_arch": null, "flops_model_params": null, "flops_active_params": null, "tokens_non_final": 186, "tokens_reasoning": 0, "tokens_response": 186, "elapsed_seconds": 18.384671211242676, "judgement": "Uncategorized"}
{"id": "travel_time_000288", "topic": "travel_time", "subtopic": "drive_time", "prompt": "You need to travel about 182 miles at around 45 mph. About how many hours will it take?", "exact_value": 4.04, "model": "tiiuae/Falcon-H1-7B-Instruct", "provider": "transformers", "response": "Finalются примерно путем расчета времени путем деления расстояния на скорость путем времени равно расстоянию деленное на скорость примерно равно времени суток", "numeric_answer": null, "relative_error": null, "thinking_text": null, "has_tool_call": false, "tool_call": null, "usage": {"prompt_tokens": 102, "completion_tokens": 28, "total_tokens": 130, "token_count_source": "tokenizer"}, "decoding": {"temperature": 0.2, "top_p": null, "top_k": null, "max_tokens": 256, "seed": 42}, "prompt_tokens": 102, "completion_tokens": 28, "total_tokens": 130, "token_count_source": "tokenizer", "diffusion_steps": null, "flops_estimate": null, "flops_arch": null, "flops_model_params": null, "flops_active_params": null, "tokens_non_final": 21, "tokens_reasoning": 0, "tokens_response": 21, "elapsed_seconds": 2.0529491901397705, "judgement": "Uncategorized"}
{"id": "travel_time_000308", "topic": "travel_time", "subtopic": "drive_time", "prompt": "You need to travel about 220 miles at around 55 mph. About how many hours will it take?", "exact_value": 4.009090909090909, "model": "tiiuae/Falcon-H1-7B-Instruct", "provider": "transformers", "response": "Finalются примерно путем деления расстояния на скорость путем времениутся примерно путем деления расстояния на скорость путем времениутся примерно путем деления расстояния на скорость путем времениутся примерно путем деления расстояния на скорость путем времениутся примерно путем деления расстояния на скорость путем времениутся примерно путем деления расстояния на скорость путем времениются путем времениутся путем времениются путем времениются путем времениются путем времениются путем времениются путем времениются путем времениются путем времениются путем времениются путем времениются путем времениются путем времениются путем времениются путем времениются путем времениются путем времениются путем времениются путем времениются путем времениются путем времениются путем времениются путем времениются путем времениются путем времениются путем времениются путем времениются путем времениются путем времениются путем времениются путем времениются путем времениются путем времениются путем времениются путем времениются путем времениются путем времениются путем времениются путем времениются путем времениются путем времениются путем времениются путем времениются путем времениются путем времениются путем времениются путем времениются путем времениются путем времениются путем времениются путем времениются путем времениются путем времениются путем времениются путем времениются путем времениются путем времениются путем времениются путем времениются путем времениются путем времениются путем времениются путем времени", "numeric_answer": null, "relative_error": null, "thinking_text": null, "has_tool_call": false, "tool_call": null, "usage": {"prompt_tokens": 102, "completion_tokens": 256, "total_tokens": 358, "token_count_source": "tokenizer"}, "decoding": {"temperature": 0.2, "top_p": null, "top_k": null, "max_tokens": 256, "seed": 42}, "prompt_tokens": 102, "completion_tokens": 256, "total_tokens": 358, "token_count_source": "tokenizer", "diffusion_steps": null, "flops_estimate": null, "flops_arch": null, "flops_model_params": null, "flops_active_params": null, "tokens_non_final": 175, "tokens_reasoning": 0, "tokens_response": 175, "elapsed_seconds": 18.218494415283203, "judgement": "Uncategorized"}
{"id": "travel_time_000328", "topic": "travel_time", "subtopic": "drive_time", "prompt": "You need to travel about 144 miles at around 65 mph. About how many hours will it take?", "exact_value": 2.2184615384615385, "model": "tiiuae/Falcon-H1-7B-Instruct", "provider": "transformers", "response": "Finalются примерно путем расчета времени путем деления расстояния на скорость путем времени равно расстоянию деленное на скорость примерно равно времени сутокутся примерно путем расчета времени путем деления расстояния на скорость путем времени равно расстоянию деленное на скорость примерно равно времени сутокутся примерно путем расчета времени путем деления расстояния на скорость путем времени равно расстоянию деленное на скорость примерно равно времени сутокутся примерно путем расчета времени путем деления расстояния на скорость путем времени равно расстоянию деленное на скорость примерно равно времени сутокутся примерно путем расчета времени путем деления расстояния на скорость путем времени равно расстоянию деленное на скорость примерно равно времени сутокутся примерно путем расчета времени путем деления расстояния на скорость путем времени равно расстоянию деленное на скорость примерно равно времени сутокутся примерно путем расчета времени путем деления расстояния на скорость путем времени равно расстоянию деленное на скорость примерно равно времени сутокутся примерно путем расчета времени путем деления расстояния на скорость путем времени равно расстоянию деленное на скорость примерно равно времени сутокутся примерно путем расчета времени путем деления расстояния на скорость путем времени равно расстоянию деленное на скорость примерно равно времени сутокутся примерно путем расчета времени путем деления расстояния на скорость путем времени равно расстоянию деленное на", "numeric_answer": null, "relative_error": null, "thinking_text": null, "has_tool_call": false, "tool_call": null, "usage": {"prompt_tokens": 102, "completion_tokens": 256, "total_tokens": 358, "token_count_source": "tokenizer"}, "decoding": {"temperature": 0.2, "top_p": null, "top_k": null, "max_tokens": 256, "seed": 42}, "prompt_tokens": 102, "completion_tokens": 256, "total_tokens": 358, "token_count_source": "tokenizer", "diffusion_steps": null, "flops_estimate": null, "flops_arch": null, "flops_model_params": null, "flops_active_params": null, "tokens_non_final": 196, "tokens_reasoning": 0, "tokens_response": 196, "elapsed_seconds": 18.13152289390564, "judgement": "Uncategorized"}
{"id": "travel_time_000348", "topic": "travel_time", "subtopic": "drive_time", "prompt": "You need to travel about 215 miles at around 25 mph. About how many hours will it take?", "exact_value": 8.612, "model": "tiiuae/Falcon-H1-7B-Instruct", "provider": "transformers", "response": "Finalются примерно путем деления расстояния на скорость путем времениутся примерно путем деления расстояния на скорость путем времениутся примерно путем деления расстояния на скорость путем времениутся примерно путем деления расстояния на скорость путем времениутся примерно путем деления расстояния на скорость путем времениутся примерно путем деления расстояния на скорость путем времениутся примерно путем деления расстояния на скорость путем времениются путем деления расстояния на скорость путем времениются путем деления расстояния на скорость путем времениются путем деления расстояния на скорость путем времениются путем деления расстояния на скорость путем времениются путем деления расстояния на скорость путем времениются путем деления расстояния на скорость путем времениются путем деления расстояния на скорость путем времениются путем деления расстояния на скорость путем времениются путем деления расстояния на скорость путем времениются путем деления расстояния на скорость путем времениются путем деления расстояния на скорость путем времениются путем деления расстояния на скорость путем времениются путем деления расстояния на скорость путем времениются путем деления расстояния на скорость путем времениются путем деления расстояния на скорость путем времениются путем деления расстояния на скорость путем времениются путем деления расстояния на скорость путем времениются путем деления расстояния на скорость", "numeric_answer": null, "relative_error": null, "thinking_text": null, "has_tool_call": false, "tool_call": null, "usage": {"prompt_tokens": 102, "completion_tokens": 256, "total_tokens": 358, "token_count_source": "tokenizer"}, "decoding": {"temperature": 0.2, "top_p": null, "top_k": null, "max_tokens": 256, "seed": 42}, "prompt_tokens": 102, "completion_tokens": 256, "total_tokens": 358, "token_count_source": "tokenizer", "diffusion_steps": null, "flops_estimate": null, "flops_arch": null, "flops_model_params": null, "flops_active_params": null, "tokens_non_final": 181, "tokens_reasoning": 0, "tokens_response": 181, "elapsed_seconds": 18.14888644218445, "judgement": "Uncategorized"}
{"id": "travel_time_000368", "topic": "travel_time", "subtopic": "drive_time", "prompt": "You need to travel about 173 miles at around 55 mph. About how many hours will it take?", "exact_value": 3.152727272727273, "model": "tiiuae/Falcon-H1-7B-Instruct", "provider": "transformers", "response": "Finalются примерно путем расчета времени путем деления расстояния на скорость путем времени равно расстоянию деленное на скорость примерно равно времени суток", "numeric_answer": null, "relative_error": null, "thinking_text": null, "has_tool_call": false, "tool_call": null, "usage": {"prompt_tokens": 102, "completion_tokens": 28, "total_tokens": 130, "token_count_source": "tokenizer"}, "decoding": {"temperature": 0.2, "top_p": null, "top_k": null, "max_tokens": 256, "seed": 42}, "prompt_tokens": 102, "completion_tokens": 28, "total_tokens": 130, "token_count_source": "tokenizer", "diffusion_steps": null, "flops_estimate": null, "flops_arch": null, "flops_model_params": null, "flops_active_params": null, "tokens_non_final": 21, "tokens_reasoning": 0, "tokens_response": 21, "elapsed_seconds": 2.029120445251465, "judgement": "Uncategorized"}
{"id": "travel_time_000388", "topic": "travel_time", "subtopic": "drive_time", "prompt": "You need to travel about 73 miles at around 25 mph. About how many hours will it take?", "exact_value": 2.92, "model": "tiiuae/Falcon-H1-7B-Instruct", "provider": "transformers", "response": "Finalются примерно путем деления расстояния на скорость путем времениутся примерно путем деления расстояния на скорость путем времениутся примерно путем деления расстояния на скорость путем времениутся примерно путем деления расстояния на скорость путем времениутся примерно путем деления расстояния на скорость путем времениутся примерно путем деления расстояния на скорость путем времениются примерно путем деления расстояния на скорость путем времениются примерно путем деления расстояния на скорость путем времениются примерно путем деления расстояния на скорость путем времениются примерно путем деления расстояния на скорость путем времениются примерно путем деления расстояния на скорость путем времениются примерно путем деления расстояния на скорость путем времениются примерно путем деления расстояния на скорость путем времениются примерно путем деления расстояния на скорость путем времениются примерно путем деления расстояния на скорость путем времениются примерно путем деления расстояния на скорость путем времениются примерно путем деления расстояния на скорость путем времениются примерно путем деления расстояния на скорость путем времениются примерно путем деления расстояния на скорость путем времениются примерно путем деления расстояния на скорость путем времениются примерно путем деления расстояния на скорость путем времениются примерно путем деления расстояния на скорость путем времениются примерно путем деления расстояния на скорость путем времениются примерно", "numeric_answer": null, "relative_error": null, "thinking_text": null, "has_tool_call": false, "tool_call": null, "usage": {"prompt_tokens": 101, "completion_tokens": 256, "total_tokens": 357, "token_count_source": "tokenizer"}, "decoding": {"temperature": 0.2, "top_p": null, "top_k": null, "max_tokens": 256, "seed": 42}, "prompt_tokens": 101, "completion_tokens": 256, "total_tokens": 357, "token_count_source": "tokenizer", "diffusion_steps": null, "flops_estimate": null, "flops_arch": null, "flops_model_params": null, "flops_active_params": null, "tokens_non_final": 186, "tokens_reasoning": 0, "tokens_response": 186, "elapsed_seconds": 18.38598394393921, "judgement": "Uncategorized"}
{"id": "travel_time_000408", "topic": "travel_time", "subtopic": "drive_time", "prompt": "You need to travel about 66 miles at around 65 mph. About how many hours will it take?", "exact_value": 1.0215384615384617, "model": "tiiuae/Falcon-H1-7B-Instruct", "provider": "transformers", "response": "Finalютсяwicklungрованиеwicklungwicklungwicklungwicklungwicklungwicklungwicklungwicklungwicklungwicklungwicklungwicklungwicklungwicklungwicklungwicklungwicklungwicklungwicklungwicklungwicklungwicklungwicklungwicklungwicklungwicklungwicklungwicklungwicklungwicklungwicklungwicklungwicklungwicklungwicklungwicklungwicklungwicklungwicklungwicklungwicklungwicklungwicklungwicklungwicklungwicklungwicklungwicklungwicklungwicklungwicklungwicklungwicklungwicklungwicklungwicklungwicklungwicklungwicklungwicklungwicklungwicklungwicklungwicklungwicklungwicklungwicklungwicklungwicklungwicklungwicklungwicklungwicklungwicklungwicklungwicklungwicklungwicklungwicklungwicklungwicklungwicklungwicklungwicklungwicklungwicklungwicklungwicklungwicklungwicklungwicklungwicklungwicklungwicklungwicklungwicklungwicklungwicklungwicklungwicklungwicklungwicklungwicklungwicklungwicklungwicklungwicklungwicklungwicklungwicklungwicklungwicklungwicklungwicklungwicklungwicklungwicklungwicklungwicklungwicklungwicklungwicklungwicklungwicklungwicklungwicklungwicklungwicklungwicklungwicklungwicklungwicklungwicklungwicklungwicklungwicklungwicklungwicklungwicklungwicklungwicklungwicklungwicklungwicklungwicklungwicklungwicklungwicklungwicklungwicklungwicklungwicklungwicklungwicklungwicklungwicklungwicklungwicklungwicklungwicklungwicklungwicklungwicklungwicklungwicklungwicklungwicklungwicklungwicklungwicklungwicklungwicklungwicklungwicklungwicklungwicklungwicklungwicklungwicklungwicklungwicklungwicklungwicklungwicklungwicklungwicklungwicklungwicklungwicklungwicklungwicklungwicklungwicklungwicklungwicklungwicklungwicklungwicklungwicklungwicklungwicklungwicklungwicklungwicklungwicklungwicklungwicklungwicklungwicklungwicklungwicklungwicklungwicklungwicklungwicklungwicklungwicklungwicklungwicklungwicklungwicklungwicklungwicklungwicklungwicklungwicklungwicklungwicklungwicklungwicklungwicklungwicklungwicklungwicklungwicklungwicklungwicklungwicklungwicklungwicklungwicklungwicklungwicklungwicklungwicklungwicklungwicklungwicklungwicklungwicklungwicklungwicklung", "numeric_answer": null, "relative_error": null, "thinking_text": null, "has_tool_call": false, "tool_call": null, "usage": {"prompt_tokens": 101, "completion_tokens": 256, "total_tokens": 357, "token_count_source": "tokenizer"}, "decoding": {"temperature": 0.2, "top_p": null, "top_k": null, "max_tokens": 256, "seed": 42}, "prompt_tokens": 101, "completion_tokens": 256, "total_tokens": 357, "token_count_source": "tokenizer", "diffusion_steps": null, "flops_estimate": null, "flops_arch": null, "flops_model_params": null, "flops_active_params": null, "tokens_non_final": 1, "tokens_reasoning": 0, "tokens_response": 1, "elapsed_seconds": 18.26805877685547, "judgement": "Uncategorized"}
{"id": "travel_time_000428", "topic": "travel_time", "subtopic": "drive_time", "prompt": "You need to travel about 18 miles at around 65 mph. About how many hours will it take?", "exact_value": 0.27999999999999997, "model": "tiiuae/Falcon-H1-7B-Instruct", "provider": "transformers", "response": "Finalютсяwicklungрованиеываютсяываютсяываютсяываютсяываютсяываютсяютсяываютсяываютсяываютсяютсяываютсяываютсяываютсяютсяываютсяываютсяютсяываютсяываютсяютсяываютсяываютсяываютсяываютсяываютсяываютсяываютсяываютсяываютсяываютсяываютсяываютсяываютсяываютсяываютсяываютсяываютсяываютсяываютсяываютсяываютсяываютсяываютсяываютсяываютсяываютсяываютсяываютсяываютсяываютсяываютсяываютсяываютсяываютсяываютсяываютсяываютсяываютсяываютсяываютсяываютсяываютсяываютсяываютсяываютсяываютсяываютсяываютсяываютсяываютсяываютсяываютсяываютсяываютсяываютсяываютсяываютсяываютсяываютсяываютсяываютсяываютсяываютсяываютсяываютсяываютсяываютсяываютсяываютсяываютсяываютсяываютсяываютсяываютсяываютсяываютсяываютсяываютсяываютсяываютсяываютсяываютсяываютсяываютсяываютсяываютсяываютсяываютсяываютсяываютсяываютсяываютсяываютсяываютсяываютсяываютсяываютсяываютсяываютсяываютсяываютсяываютсяываютсяываютсяываютсяываютсяываютсяываютсяываютсяываютсяываютсяываютсяываютсяываютсяываютсяываютсяываютсяываютсяываютсяываютсяываютсяываютсяываютсяываютсяываютсяываютсяываютсяываютсяываютсяываютсяываютсяываютсяываютсяываютсяываютсяываютсяываютсяываютсяываютсяываютсяываютсяываютсяываютсяываютсяываютсяываютсяываютсяываютсяываютсяываютсяываютсяываютсяываютсяываютсяываютсяываютсяываютсяываютсяываютсяываютсяываютсяываютсяываютсяываютсяываютсяываютсяываютсяываютсяываютсяываютсяываютсяываютсяываютсяываютсяываютсяываютсяываютсяываютсяываютсяываютсяываютсяываютсяываютсяываютсяываютсяываютсяываютсяываютсяываютсяываютсяываютсяываютсяываютсяываютсяываютсяываютсяываютсяываютсяываютсяываютсяываютсяываютсяываютсяываютсяываютсяываютсяываютсяываютсяываютсяываютсяываютсяываютсяываютсяываютсяываютсяываютсяываютсяываютсяываютсяываютсяываютсяываютсяываютсяываютсяываютсяываютсяываютсяываютсяываютсяываютсяываются", "numeric_answer": null, "relative_error": null, "thinking_text": null, "has_tool_call": false, "tool_call": null, "usage": {"prompt_tokens": 101, "completion_tokens": 256, "total_tokens": 357, "token_count_source": "tokenizer"}, "decoding": {"temperature": 0.2, "top_p": null, "top_k": null, "max_tokens": 256, "seed": 42}, "prompt_tokens": 101, "completion_tokens": 256, "total_tokens": 357, "token_count_source": "tokenizer", "diffusion_steps": null, "flops_estimate": null, "flops_arch": null, "flops_model_params": null, "flops_active_params": null, "tokens_non_final": 1, "tokens_reasoning": 0, "tokens_response": 1, "elapsed_seconds": 18.297722101211548, "judgement": "Uncategorized"}
{"id": "travel_time_000448", "topic": "travel_time", "subtopic": "drive_time", "prompt": "You need to travel about 208 miles at around 35 mph. About how many hours will it take?", "exact_value": 5.951428571428572, "model": "tiiuae/Falcon-H1-7B-Instruct", "provider": "transformers", "response": "Finalются примерно путем деления расстояния на скорость путем времениутся примерно путем деления расстояния на скорость путем времениутся примерно путем деления расстояния на скорость путем времениутся примерно путем деления расстояния на скорость путем времениутся примерно путем деления расстояния на скорость путем времениутся примерно путем деления расстояния на скорость путем времениутся примерно путем деления расстояния на скорость путем времениются примерно путем деления расстояния на скорость путем времениются примерно путем деления расстояния на скорость путем времениются примерно путем деления расстояния на скорость путем времениются примерно путем деления расстояния на скорость путем времениются примерно путем деления расстояния на скорость путем времениются примерно путем деления расстояния на скорость путем времениются примерно путем деления расстояния на скорость путем времениются примерно путем деления расстояния на скорость путем времениются примерно путем деления расстояния на скорость путем времениются примерно путем деления расстояния на скорость путем времениются примерно путем деления расстояния на скорость путем времениются примерно путем деления расстояния на скорость путем времениются примерно путем деления расстояния на скорость путем времениются примерно путем деления расстояния на скорость путем времениются примерно путем деления расстояния на скорость путем времениются примерно путем деления расстояния на скорость путем времениются примерно", "numeric_answer": null, "relative_error": null, "thinking_text": null, "has_tool_call": false, "tool_call": null, "usage": {"prompt_tokens": 102, "completion_tokens": 256, "total_tokens": 358, "token_count_source": "tokenizer"}, "decoding": {"temperature": 0.2, "top_p": null, "top_k": null, "max_tokens": 256, "seed": 42}, "prompt_tokens": 102, "completion_tokens": 256, "total_tokens": 358, "token_count_source": "tokenizer", "diffusion_steps": null, "flops_estimate": null, "flops_arch": null, "flops_model_params": null, "flops_active_params": null, "tokens_non_final": 186, "tokens_reasoning": 0, "tokens_response": 186, "elapsed_seconds": 18.385695934295654, "judgement": "Uncategorized"}
{"id": "travel_time_000468", "topic": "travel_time", "subtopic": "drive_time", "prompt": "You need to travel about 49 miles at around 35 mph. About how many hours will it take?", "exact_value": 1.3885714285714286, "model": "tiiuae/Falcon-H1-7B-Instruct", "provider": "transformers", "response": "Finalются примерно времени в пути путем деления расстояния на скорость путем времени утся примерно времени путем деления расстояния на скорость путем времениются примерно времени путем деления расстояния на скорость путем времениются примерно времени путем деления расстояния на скорость путем времениются примерно времени путем деления расстояния на скорость путем времениются примерно времени путем деления расстояния на скорость путем времениются примерно времени путем деления расстояния на скорость путем времениются примерно времени путем деления расстояния на скорость путем времениются примерно времени путем деления расстояния на скорость путем времениются примерно времени путем деления расстояния на скорость путем времениются примерно времени путем деления расстояния на скорость путем времениются примерно времени путем деления расстояния на скорость путем времениются примерно времени путем деления расстояния на скорость путем времениются примерно времени путем деления расстояния на скорость путем времениются примерно времени путем деления расстояния на скорость путем времениются примерно времени путем деления расстояния на скорость путем времениются примерно времени путем деления расстояния на скорость путем времениются примерно времени путем деления расстояния на скорость путем времениются примерно времени путем деления расстояния на скорость путем времениются примерно времени путем деления расстояния на скорость путем времениются примерно времени путем деления расстояния на скорость путем времени", "numeric_answer": null, "relative_error": null, "thinking_text": null, "has_tool_call": false, "tool_call": null, "usage": {"prompt_tokens": 101, "completion_tokens": 256, "total_tokens": 357, "token_count_source": "tokenizer"}, "decoding": {"temperature": 0.2, "top_p": null, "top_k": null, "max_tokens": 256, "seed": 42}, "prompt_tokens": 101, "completion_tokens": 256, "total_tokens": 357, "token_count_source": "tokenizer", "diffusion_steps": null, "flops_estimate": null, "flops_arch": null, "flops_model_params": null, "flops_active_params": null, "tokens_non_final": 193, "tokens_reasoning": 0, "tokens_response": 193, "elapsed_seconds": 18.265904664993286, "judgement": "Uncategorized"}
{"id": "travel_time_000488", "topic": "travel_time", "subtopic": "drive_time", "prompt": "You need to travel about 85 miles at around 55 mph. About how many hours will it take?", "exact_value": 1.5454545454545454, "model": "tiiuae/Falcon-H1-7B-Instruct", "provider": "transformers", "response": "Finalются примерно времени в пути путем деления расстояния на скорость путем времени равно расстоянию деленное на скоростьются примерно времениются примерно времениются примерно времениются примерно времениются примерно времениются примерно времениются примерно времениются примерно времениются примерно времениются примерно времениются примерно времениются примерно времениются примерно времениются примерно времениются примерно времениются примерно времениются примерно времениются примерно времениются примерно времениются примерно времениются примерно времениются примерно времениются примерно времениются примерно времениются примерно времениются примерно времениются примерно времениются примерно времениются примерно времениются примерно времениются примерно времениются примерно времениются примерно времениются примерно времениются примерно времениются примерно времениются примерно времениются примерно времениются примерно времениются примерно времениются примерно времениются примерно времениются примерно времениются примерно времениются примерно времениются примерно времениются примерно времениются примерно времениются примерно времениются примерно времениются примерно времениются примерно времениются примерно времениются примерно времениются примерно времениются примерно времениются примерно времениются примерно времениются примерно времениются примерно времениются примерно времениются примерно времениются примерно времениются примерно времениются примерно времениются примерно времениются примерно времениются примерно времениются примерно времениются примерно времениются примерно времениются примерно времениются примерно времениются примерно времениются примерно времениются примерно времениются примерно времениются примерно времени", "numeric_answer": null, "relative_error": null, "thinking_text": null, "has_tool_call": false, "tool_call": null, "usage": {"prompt_tokens": 101, "completion_tokens": 256, "total_tokens": 357, "token_count_source": "tokenizer"}, "decoding": {"temperature": 0.2, "top_p": null, "top_k": null, "max_tokens": 256, "seed": 42}, "prompt_tokens": 101, "completion_tokens": 256, "total_tokens": 357, "token_count_source": "tokenizer", "diffusion_steps": null, "flops_estimate": null, "flops_arch": null, "flops_model_params": null, "flops_active_params": null, "tokens_non_final": 173, "tokens_reasoning": 0, "tokens_response": 173, "elapsed_seconds": 18.50535273551941, "judgement": "Uncategorized"}
{"id": "travel_time_000508", "topic": "travel_time", "subtopic": "drive_time", "prompt": "You need to travel about 139 miles at around 35 mph. About how many hours will it take?", "exact_value": 3.9800000000000004, "model": "tiiuae/Falcon-H1-7B-Instruct", "provider": "transformers", "response": "Finalются примерно путем расчета времени путем деления расстояния на скорость путем времени равно расстоянию деленное на скоростьутся примерно путем расчета времени путем деления расстояния на скорость путем времени равно расстоянию деленное на скоростьываются примерно путем расчета времени путем деления расстояния на скорость путем времени равно расстоянию деленное на скоростьываются примерно путем расчета времени путем деления расстояния на скорость путем времени равно расстоянию деленное на скоростьываются примерно путем расчета времени путем деления расстояния на скорость путем времени равно расстоянию деленное на скоростьываются примерно путем расчета времени путем деления расстояния на скорость путем времени равно расстоянию деленное на скоростьываются примерно путем расчета времени путем деления расстояния на скорость путем времени равно расстоянию деленное на скоростьываются примерно путем расчета времени путем деления расстояния на скорость путем времени равно расстоянию деленное на скоростьываются примерно путем расчета времени путем деления расстояния на скорость путем времени равно расстоянию деленное на скоростьываются примерно путем расчета времени путем деления расстояния на скорость путем времени равно расстоянию деленное на скоростьываются примерно путем расчета времени путем деления расстояния на скорость путем времени равно расстоянию деленное на скоростьываются примерно путем расчета времени путем деления расстояния на скорость", "numeric_answer": null, "relative_error": null, "thinking_text": null, "has_tool_call": false, "tool_call": null, "usage": {"prompt_tokens": 102, "completion_tokens": 256, "total_tokens": 358, "token_count_source": "tokenizer"}, "decoding": {"temperature": 0.2, "top_p": null, "top_k": null, "max_tokens": 256, "seed": 42}, "prompt_tokens": 102, "completion_tokens": 256, "total_tokens": 358, "token_count_source": "tokenizer", "diffusion_steps": null, "flops_estimate": null, "flops_arch": null, "flops_model_params": null, "flops_active_params": null, "tokens_non_final": 186, "tokens_reasoning": 0, "tokens_response": 186, "elapsed_seconds": 18.59745216369629, "judgement": "Uncategorized"}
{"id": "travel_time_000528", "topic": "travel_time", "subtopic": "drive_time", "prompt": "You need to travel about 203 miles at around 45 mph. About how many hours will it take?", "exact_value": 4.511111111111111, "model": "tiiuae/Falcon-H1-7B-Instruct", "provider": "transformers", "response": "Finalются примерно путем деления расстояния на скорость путем времениутся примерно путем деления расстояния на скорость путем времениутся примерно путем деления расстояния на скорость путем времениутся примерно путем деления расстояния на скорость путем времениутся примерно путем деления расстояния на скорость путем времениутся примерно путем деления расстояния на скорость путем времениются путем времениутся путем времениются путем времениются путем времениются путем времениются путем времениются путем времениются путем времениются путем времениются путем времениются путем времениются путем времениются путем времениются путем времениются путем времениются путем времениются путем времениются путем времениются путем времениются путем времениются путем времениются путем времениются путем времениются путем времениются путем времениются путем времениются путем времениются путем времениются путем времениются путем времениются путем времениются путем времениются путем времениются путем времениются путем времениются путем времениются путем времениются путем времениются путем времениются путем времениются путем времениются путем времениются путем времениются путем времениются путем времениются путем времениются путем времениются путем времениются путем времениются путем времениются путем времениются путем времениются путем времениются путем времениются путем времениются путем времениются путем времениются путем времениются путем времениются путем времениются путем времениются путем времениются путем времени", "numeric_answer": null, "relative_error": null, "thinking_text": null, "has_tool_call": false, "tool_call": null, "usage": {"prompt_tokens": 102, "completion_tokens": 256, "total_tokens": 358, "token_count_source": "tokenizer"}, "decoding": {"temperature": 0.2, "top_p": null, "top_k": null, "max_tokens": 256, "seed": 42}, "prompt_tokens": 102, "completion_tokens": 256, "total_tokens": 358, "token_count_source": "tokenizer", "diffusion_steps": null, "flops_estimate": null, "flops_arch": null, "flops_model_params": null, "flops_active_params": null, "tokens_non_final": 175, "tokens_reasoning": 0, "tokens_response": 175, "elapsed_seconds": 18.412742376327515, "judgement": "Uncategorized"}
{"id": "travel_time_000548", "topic": "travel_time", "subtopic": "drive_time", "prompt": "You need to travel about 71 miles at around 65 mph. About how many hours will it take?", "exact_value": 1.0953846153846154, "model": "tiiuae/Falcon-H1-7B-Instruct", "provider": "transformers", "response": "Finalютсяwicklungрование", "numeric_answer": null, "relative_error": null, "thinking_text": null, "has_tool_call": false, "tool_call": null, "usage": {"prompt_tokens": 101, "completion_tokens": 5, "total_tokens": 106, "token_count_source": "tokenizer"}, "decoding": {"temperature": 0.2, "top_p": null, "top_k": null, "max_tokens": 256, "seed": 42}, "prompt_tokens": 101, "completion_tokens": 5, "total_tokens": 106, "token_count_source": "tokenizer", "diffusion_steps": null, "flops_estimate": null, "flops_arch": null, "flops_model_params": null, "flops_active_params": null, "tokens_non_final": 1, "tokens_reasoning": 0, "tokens_response": 1, "elapsed_seconds": 0.4203958511352539, "judgement": "Uncategorized"}
{"id": "travel_time_000568", "topic": "travel_time", "subtopic": "drive_time", "prompt": "You need to travel about 167 miles at around 45 mph. About how many hours will it take?", "exact_value": 3.7022222222222223, "model": "tiiuae/Falcon-H1-7B-Instruct", "provider": "transformers", "response": "Finalются примерно путем деления расстояния на скорость путем времениутся примерно путем деления расстояния на скорость путем времениутся примерно путем деления расстояния на скорость путем времениутся примерно путем деления расстояния на скорость путем времениутся примерно путем деления расстояния на скорость путем времениутся примерно путем деления расстояния на скорость путем времениутся примерно путем деления расстояния на скорость путем времениются примерно путем деления расстояния на скорость путем времениются примерно путем деления расстояния на скорость путем времениются примерно путем деления расстояния на скорость путем времениются примерно путем деления расстояния на скорость путем времениются примерно путем деления расстояния на скорость путем времениются примерно путем деления расстояния на скорость путем времениются примерно путем деления расстояния на скорость путем времениются примерно путем деления расстояния на скорость путем времениются примерно путем деления расстояния на скорость путем времениются примерно путем деления расстояния на скорость путем времениются примерно путем деления расстояния на скорость путем времениются примерно путем деления расстояния на скорость путем времениются примерно путем деления расстояния на скорость путем времениются примерно путем деления расстояния на скорость путем времениются примерно путем деления расстояния на скорость путем времениются примерно путем деления расстояния на скорость путем времениются примерно", "numeric_answer": null, "relative_error": null, "thinking_text": null, "has_tool_call": false, "tool_call": null, "usage": {"prompt_tokens": 102, "completion_tokens": 256, "total_tokens": 358, "token_count_source": "tokenizer"}, "decoding": {"temperature": 0.2, "top_p": null, "top_k": null, "max_tokens": 256, "seed": 42}, "prompt_tokens": 102, "completion_tokens": 256, "total_tokens": 358, "token_count_source": "tokenizer", "diffusion_steps": null, "flops_estimate": null, "flops_arch": null, "flops_model_params": null, "flops_active_params": null, "tokens_non_final": 186, "tokens_reasoning": 0, "tokens_response": 186, "elapsed_seconds": 18.42160725593567, "judgement": "Uncategorized"}
{"id": "travel_time_000588", "topic": "travel_time", "subtopic": "drive_time", "prompt": "You need to travel about 59 miles at around 25 mph. About how many hours will it take?", "exact_value": 2.344, "model": "tiiuae/Falcon-H1-7B-Instruct", "provider": "transformers", "response": "Finalются примерно времени в пути путем расчета времени путем деления расстояния на скоростьются примерно времениются примерно времениются примерно времениются примерно времениются примерно времениются примерно времениются примерно времениются примерно времениются примерно времениются примерно времениются примерно времениются примерно времениются примерно времениются примерно времениются примерно времениются примерно времениются примерно времениются примерно времениются примерно времениются примерно времениются примерно времениются примерно времениются примерно времениются примерно времениются примерно времениются примерно времениются примерно времениются примерно времениются примерно времениются примерно времениются примерно времениются примерно времениются примерно времениются примерно времениются примерно времениются примерно времениются примерно времениются примерно времениются примерно времениются примерно времениются примерно времениются примерно времениются примерно времениются примерно времениются примерно времениются примерно времениются примерно времениются примерно времениются примерно времениются примерно времениются примерно времениются примерно времениются примерно времениются примерно времениются примерно времениются примерно времениются примерно времениются примерно времениются примерно времениются примерно времениются примерно времениются примерно времениются примерно времениются примерно времениются примерно времениются примерно времениются примерно времениются примерно времениются примерно времениются примерно времениются примерно времениются примерно времениются примерно времениются примерно времениются примерно времениются примерно времениются примерно времениются примерно времениются примерно времениются примерно", "numeric_answer": null, "relative_error": null, "thinking_text": null, "has_tool_call": false, "tool_call": null, "usage": {"prompt_tokens": 101, "completion_tokens": 256, "total_tokens": 357, "token_count_source": "tokenizer"}, "decoding": {"temperature": 0.2, "top_p": null, "top_k": null, "max_tokens": 256, "seed": 42}, "prompt_tokens": 101, "completion_tokens": 256, "total_tokens": 357, "token_count_source": "tokenizer", "diffusion_steps": null, "flops_estimate": null, "flops_arch": null, "flops_model_params": null, "flops_active_params": null, "tokens_non_final": 172, "tokens_reasoning": 0, "tokens_response": 172, "elapsed_seconds": 18.787129163742065, "judgement": "Uncategorized"}
{"id": "travel_time_000608", "topic": "travel_time", "subtopic": "drive_time", "prompt": "You need to travel about 87 miles at around 25 mph. About how many hours will it take?", "exact_value": 3.468, "model": "tiiuae/Falcon-H1-7B-Instruct", "provider": "transformers", "response": "Finalются примерно времени в часах путем деления расстояния на скорость примерно равно времени в часах примерно равно времени в часах примерно равно времени в часах примерно равно времени примерно равно времени примерно равно времени примерно равно времени примерно равно времени примерно равно времени примерно равно времени примерно равно времени примерно равно времени примерно равно времени примерно равно времени примерно равно времени примерно равно времени примерно равно времени примерно равно времени примерно равно времени примерно равно времени примерно равно времени примерно равно времени примерно равно времени примерно равно времени примерно равно времени примерно равно времени примерно равно времени примерно равно времени примерно равно времени примерно равно времени примерно равно времени примерно равно времени примерно равно времени примерно равно времени примерно равно времени примерно равно времени примерно равно времени примерно равно времени примерно равно времени примерно равно времени примерно равно времени примерно равно времени примерно равно времени примерно равно времени примерно равно времени примерно равно времени примерно равно времени примерно равно времени примерно равно времени примерно равно времени примерно равно времени примерно равно времени примерно равно времени примерно равно времени примерно равно времени примерно равно времени примерно равно времени примерно равно времени примерно равно времени примерно равно времени примерно равно времени примерно равно времени примерно равно времени примерно равно времени примерно равно времени примерно равно времени примерно равно времени примерно равно времени примерно равно времени примерно равно времени примерно равно времени примерно равно времени примерно равно времени примерно равно времени примерно равно времени примерно равно времени примерно равно времени примерно равно", "numeric_answer": null, "relative_error": null, "thinking_text": null, "has_tool_call": false, "tool_call": null, "usage": {"prompt_tokens": 101, "completion_tokens": 256, "total_tokens": 357, "token_count_source": "tokenizer"}, "decoding": {"temperature": 0.2, "top_p": null, "top_k": null, "max_tokens": 256, "seed": 42}, "prompt_tokens": 101, "completion_tokens": 256, "total_tokens": 357, "token_count_source": "tokenizer", "diffusion_steps": null, "flops_estimate": null, "flops_arch": null, "flops_model_params": null, "flops_active_params": null, "tokens_non_final": 249, "tokens_reasoning": 0, "tokens_response": 249, "elapsed_seconds": 18.684871435165405, "judgement": "Uncategorized"}
{"id": "travel_time_000628", "topic": "travel_time", "subtopic": "drive_time", "prompt": "You need to travel about 236 miles at around 45 mph. About how many hours will it take?", "exact_value": 5.2444444444444445, "model": "tiiuae/Falcon-H1-7B-Instruct", "provider": "transformers", "response": "Finalются примерно путем деления расстояния на скорость путем времениутся примерно путем деления расстояния на скорость путем времениутся примерно путем деления расстояния на скорость путем времениутся примерно путем деления расстояния на скорость путем времениутся примерно путем деления расстояния на скорость путем времениутся примерно путем деления расстояния на скорость путем времениутся примерно путем деления расстояния на скорость путем времениются примерно путем деления расстояния на скорость путем времениются примерно путем деления расстояния на скорость путем времениются примерно путем деления расстояния на скорость путем времениются примерно путем деления расстояния на скорость путем времениются примерно путем деления расстояния на скорость путем времениются примерно путем деления расстояния на скорость путем времениются примерно путем деления расстояния на скорость путем времениются примерно путем деления расстояния на скорость путем времениются примерно путем деления расстояния на скорость путем времениются примерно путем деления расстояния на скорость путем времениются примерно путем деления расстояния на скорость путем времениются примерно путем деления расстояния на скорость путем времениются примерно путем деления расстояния на скорость путем времениются примерно путем деления расстояния на скорость путем времениются примерно путем деления расстояния на скорость путем времениются примерно путем деления расстояния на скорость путем времениются примерно", "numeric_answer": null, "relative_error": null, "thinking_text": null, "has_tool_call": false, "tool_call": null, "usage": {"prompt_tokens": 102, "completion_tokens": 256, "total_tokens": 358, "token_count_source": "tokenizer"}, "decoding": {"temperature": 0.2, "top_p": null, "top_k": null, "max_tokens": 256, "seed": 42}, "prompt_tokens": 102, "completion_tokens": 256, "total_tokens": 358, "token_count_source": "tokenizer", "diffusion_steps": null, "flops_estimate": null, "flops_arch": null, "flops_model_params": null, "flops_active_params": null, "tokens_non_final": 186, "tokens_reasoning": 0, "tokens_response": 186, "elapsed_seconds": 18.60443639755249, "judgement": "Uncategorized"}
{"id": "travel_time_000648", "topic": "travel_time", "subtopic": "drive_time", "prompt": "You need to travel about 202 miles at around 45 mph. About how many hours will it take?", "exact_value": 4.497777777777778, "model": "tiiuae/Falcon-H1-7B-Instruct", "provider": "transformers", "response": "Finalются примерно путем деления расстояния на скорость путем времениутся примерно путем деления расстояния на скорость путем времениутся примерно путем деления расстояния на скорость путем времениутся примерно путем деления расстояния на скорость путем времениутся примерно путем деления расстояния на скорость путем времениутся примерно путем деления расстояния на скорость путем времениются путем времениутся путем времениются путем времениются путем времениются путем времениются путем времениются путем времениются путем времениются путем времениются путем времениются путем времениются путем времениются путем времениются путем времениются путем времениются путем времениются путем времениются путем времениются путем времениются путем времениются путем времениются путем времениются путем времениются путем времениются путем времениются путем времениются путем времениются путем времениются путем времениются путем времениются путем времениются путем времениются путем времениются путем времениются путем времениются путем времениются путем времениются путем времениются путем времениются путем времениются путем времениются путем времениются путем времениются путем времениются путем времениются путем времениются путем времениются путем времениются путем времениются путем времениются путем времениются путем времениются путем времениются путем времениются путем времениются путем времениются путем времениются путем времениются путем времениются путем времениются путем времениются путем времениются путем времени", "numeric_answer": null, "relative_error": null, "thinking_text": null, "has_tool_call": false, "tool_call": null, "usage": {"prompt_tokens": 102, "completion_tokens": 256, "total_tokens": 358, "token_count_source": "tokenizer"}, "decoding": {"temperature": 0.2, "top_p": null, "top_k": null, "max_tokens": 256, "seed": 42}, "prompt_tokens": 102, "completion_tokens": 256, "total_tokens": 358, "token_count_source": "tokenizer", "diffusion_steps": null, "flops_estimate": null, "flops_arch": null, "flops_model_params": null, "flops_active_params": null, "tokens_non_final": 175, "tokens_reasoning": 0, "tokens_response": 175, "elapsed_seconds": 18.658806324005127, "judgement": "Uncategorized"}
{"id": "travel_time_000668", "topic": "travel_time", "subtopic": "drive_time", "prompt": "You need to travel about 140 miles at around 25 mph. About how many hours will it take?", "exact_value": 5.6160000000000005, "model": "tiiuae/Falcon-H1-7B-Instruct", "provider": "transformers", "response": "Finalются примерно путем деления расстояния на скорость путем времениутся примерно путем деления расстояния на скорость путем времениутся примерно путем деления расстояния на скорость путем времениутся примерно путем деления расстояния на скорость путем времениутся примерно путем деления расстояния на скорость путем времениутся примерно путем деления расстояния на скорость путем времениутся примерно путем деления расстояния на скорость путем времениются примерно путем деления расстояния на скорость путем времениются примерно путем деления расстояния на скорость путем времениются примерно путем деления расстояния на скорость путем времениются примерно путем деления расстояния на скорость путем времениются примерно путем деления расстояния на скорость путем времениются примерно путем деления расстояния на скорость путем времениются примерно путем деления расстояния на скорость путем времениются примерно путем деления расстояния на скорость путем времениются примерно путем деления расстояния на скорость путем времениются примерно путем деления расстояния на скорость путем времениются примерно путем деления расстояния на скорость путем времениются примерно путем деления расстояния на скорость путем времениются примерно путем деления расстояния на скорость путем времениются примерно путем деления расстояния на скорость путем времениются примерно путем деления расстояния на скорость путем времениются примерно путем деления расстояния на скорость путем времениются примерно", "numeric_answer": null, "relative_error": null, "thinking_text": null, "has_tool_call": false, "tool_call": null, "usage": {"prompt_tokens": 102, "completion_tokens": 256, "total_tokens": 358, "token_count_source": "tokenizer"}, "decoding": {"temperature": 0.2, "top_p": null, "top_k": null, "max_tokens": 256, "seed": 42}, "prompt_tokens": 102, "completion_tokens": 256, "total_tokens": 358, "token_count_source": "tokenizer", "diffusion_steps": null, "flops_estimate": null, "flops_arch": null, "flops_model_params": null, "flops_active_params": null, "tokens_non_final": 186, "tokens_reasoning": 0, "tokens_response": 186, "elapsed_seconds": 18.61963677406311, "judgement": "Uncategorized"}
{"id": "travel_time_000688", "topic": "travel_time", "subtopic": "drive_time", "prompt": "You need to travel about 10 miles at around 65 mph. About how many hours will it take?", "exact_value": 0.1523076923076923, "model": "tiiuae/Falcon-H1-7B-Instruct", "provider": "transformers", "response": "Finalются", "numeric_answer": null, "relative_error": null, "thinking_text": null, "has_tool_call": false, "tool_call": null, "usage": {"prompt_tokens": 101, "completion_tokens": 3, "total_tokens": 104, "token_count_source": "tokenizer"}, "decoding": {"temperature": 0.2, "top_p": null, "top_k": null, "max_tokens": 256, "seed": 42}, "prompt_tokens": 101, "completion_tokens": 3, "total_tokens": 104, "token_count_source": "tokenizer", "diffusion_steps": null, "flops_estimate": null, "flops_arch": null, "flops_model_params": null, "flops_active_params": null, "tokens_non_final": 1, "tokens_reasoning": 0, "tokens_response": 1, "elapsed_seconds": 0.2758634090423584, "judgement": "Uncategorized"}
{"id": "travel_time_000708", "topic": "travel_time", "subtopic": "drive_time", "prompt": "You need to travel about 187 miles at around 35 mph. About how many hours will it take?", "exact_value": 5.345714285714285, "model": "tiiuae/Falcon-H1-7B-Instruct", "provider": "transformers", "response": "Finalются примерно путем расчета времени путем деления расстояния на скорость путем времени равно расстоянию деленное на скорость примерно равно времени суток", "numeric_answer": null, "relative_error": null, "thinking_text": null, "has_tool_call": false, "tool_call": null, "usage": {"prompt_tokens": 102, "completion_tokens": 28, "total_tokens": 130, "token_count_source": "tokenizer"}, "decoding": {"temperature": 0.2, "top_p": null, "top_k": null, "max_tokens": 256, "seed": 42}, "prompt_tokens": 102, "completion_tokens": 28, "total_tokens": 130, "token_count_source": "tokenizer", "diffusion_steps": null, "flops_estimate": null, "flops_arch": null, "flops_model_params": null, "flops_active_params": null, "tokens_non_final": 21, "tokens_reasoning": 0, "tokens_response": 21, "elapsed_seconds": 2.08986234664917, "judgement": "Uncategorized"}
{"id": "travel_time_000728", "topic": "travel_time", "subtopic": "drive_time", "prompt": "You need to travel about 85 miles at around 35 mph. About how many hours will it take?", "exact_value": 2.42, "model": "tiiuae/Falcon-H1-7B-Instruct", "provider": "transformers", "response": "Finalются примерно путем деления расстояния на скорость путем времениутся примерно путем деления расстояния на скорость путем времениутся примерно путем деления расстояния на скорость путем времениутся примерно путем деления расстояния на скорость путем времениутся примерно путем деления расстояния на скорость путем времениутся примерно путем деления расстояния на скорость путем времениются примерно путем деления расстояния на скорость путем времениются примерно путем деления расстояния на скорость путем времениются примерно путем деления расстояния на скорость путем времениются примерно путем деления расстояния на скорость путем времениются примерно путем деления расстояния на скорость путем времениются примерно путем деления расстояния на скорость путем времениются примерно путем деления расстояния на скорость путем времениются примерно путем деления расстояния на скорость путем времениются примерно путем деления расстояния на скорость путем времениются примерно путем деления расстояния на скорость путем времениются примерно путем деления расстояния на скорость путем времениются примерно путем деления расстояния на скорость путем времениются примерно путем деления расстояния на скорость путем времениются примерно путем деления расстояния на скорость путем времениются примерно путем деления расстояния на скорость путем времениются примерно путем деления расстояния на скорость путем времениются примерно путем деления расстояния на скорость путем времениются примерно", "numeric_answer": null, "relative_error": null, "thinking_text": null, "has_tool_call": false, "tool_call": null, "usage": {"prompt_tokens": 101, "completion_tokens": 256, "total_tokens": 357, "token_count_source": "tokenizer"}, "decoding": {"temperature": 0.2, "top_p": null, "top_k": null, "max_tokens": 256, "seed": 42}, "prompt_tokens": 101, "completion_tokens": 256, "total_tokens": 357, "token_count_source": "tokenizer", "diffusion_steps": null, "flops_estimate": null, "flops_arch": null, "flops_model_params": null, "flops_active_params": null, "tokens_non_final": 186, "tokens_reasoning": 0, "tokens_response": 186, "elapsed_seconds": 18.64803695678711, "judgement": "Uncategorized"}
{"id": "travel_time_000748", "topic": "travel_time", "subtopic": "drive_time", "prompt": "You need to travel about 45 miles at around 55 mph. About how many hours will it take?", "exact_value": 0.8200000000000001, "model": "tiiuae/Falcon-H1-7B-Instruct", "provider": "transformers", "response": "Finalются примерно времени в пути путем использования формулы времени как расстояния деленной на скорость. Исходя из этого, время примерно равно времени суток путем деления расстояния на скорость примерно равно времени суток путем деления расстояния на скорость примерно равно времени суток путем деления расстояния на скорость примерно равно времени суток путем деления расстояния на скорость примерно равно времени суток путем деления расстояния на скорость примерно равно времени суток путем деления расстояния на скорость примерно равно времени суток путем деления расстояния на скорость примерно равно времени суток путем деления расстояния на скорость примерно равно времени суток путем деления расстояния на скорость примерно равно времени суток путем деления расстояния на скорость примерно равно времени суток путем деления расстояния на скорость примерно равно времени суток путем деления расстояния на скорость примерно равно времени суток путем деления расстояния на скорость примерно равно времени суток путем деления расстояния на скорость примерно равно времени суток путем деления расстояния на скорость примерно равно времени суток путем деления расстояния на скорость примерно равно времени суток путем деления расстояния на скорость примерно равно времени суток путем деления расстояния на скорость примерно равно времени суток путем деления расстояния на скорость примерно равно времени суток путем деления расстояния на скорость примерно равно времени суток путем деления расстояния на", "numeric_answer": null, "relative_error": null, "thinking_text": null, "has_tool_call": false, "tool_call": null, "usage": {"prompt_tokens": 101, "completion_tokens": 256, "total_tokens": 357, "token_count_source": "tokenizer"}, "decoding": {"temperature": 0.2, "top_p": null, "top_k": null, "max_tokens": 256, "seed": 42}, "prompt_tokens": 101, "completion_tokens": 256, "total_tokens": 357, "token_count_source": "tokenizer", "diffusion_steps": null, "flops_estimate": null, "flops_arch": null, "flops_model_params": null, "flops_active_params": null, "tokens_non_final": 206, "tokens_reasoning": 0, "tokens_response": 206, "elapsed_seconds": 18.561952114105225, "judgement": "Uncategorized"}
{"id": "travel_time_000768", "topic": "travel_time", "subtopic": "drive_time", "prompt": "You need to travel about 174 miles at around 55 mph. About how many hours will it take?", "exact_value": 3.1563636363636363, "model": "tiiuae/Falcon-H1-7B-Instruct", "provider": "transformers", "response": "Finalются примерно путем деления расстояния на скорость путем времениутся примерно путем деления расстояния на скорость путем времениутся примерно путем деления расстояния на скорость путем времениутся примерно путем деления расстояния на скорость путем времениутся примерно путем деления расстояния на скорость путем времениутся примерно путем деления расстояния на скорость путем времениются примерно путем деления расстояния на скорость путем времениются примерно путем деления расстояния на скорость путем времениются примерно путем деления расстояния на скорость путем времениются примерно путем деления расстояния на скорость путем времениются примерно путем деления расстояния на скорость путем времениются примерно путем деления расстояния на скорость путем времениются примерно путем деления расстояния на скорость путем времениются примерно путем деления расстояния на скорость путем времениются примерно путем деления расстояния на скорость путем времениются примерно путем деления расстояния на скорость путем времениются примерно путем деления расстояния на скорость путем времениются примерно путем деления расстояния на скорость путем времениются примерно путем деления расстояния на скорость путем времениются примерно путем деления расстояния на скорость путем времениются примерно путем деления расстояния на скорость путем времениются примерно путем деления расстояния на скорость путем времениются примерно путем деления расстояния на скорость путем времениются примерно", "numeric_answer": null, "relative_error": null, "thinking_text": null, "has_tool_call": false, "tool_call": null, "usage": {"prompt_tokens": 102, "completion_tokens": 256, "total_tokens": 358, "token_count_source": "tokenizer"}, "decoding": {"temperature": 0.2, "top_p": null, "top_k": null, "max_tokens": 256, "seed": 42}, "prompt_tokens": 102, "completion_tokens": 256, "total_tokens": 358, "token_count_source": "tokenizer", "diffusion_steps": null, "flops_estimate": null, "flops_arch": null, "flops_model_params": null, "flops_active_params": null, "tokens_non_final": 186, "tokens_reasoning": 0, "tokens_response": 186, "elapsed_seconds": 18.770569562911987, "judgement": "Uncategorized"}
{"id": "travel_time_000788", "topic": "travel_time", "subtopic": "drive_time", "prompt": "You need to travel about 88 miles at around 65 mph. About how many hours will it take?", "exact_value": 1.3507692307692307, "model": "tiiuae/Falcon-H1-7B-Instruct", "provider": "transformers", "response": "Finalются примерно времени в пути путем использования формулы времени как расстояния деленной на скорость. Исходя из предоставленной информации расстояние равно примерно ются примерно времени путем использования формулы времени как расстояния деленной на скоростьются примерно времени путем использованияются примерно времени путемются примерно времени путемются примерно времени путемются примерно времени путемются примерно времени путемются примерно времени путемются примерно времени путемются примерно времени путемются примерно времени путемются примерно времени путемются примерно времени путемются примерно времени путемются примерно времени путемются примерно времени путемются примерно времени путемются примерно времени путемются примерно времени путемются примерно времени путемются примерно времени путемются примерно времени путемются примерно времени путемются примерно времени путемются примерно времени путемются примерно времени путемются примерно времени путемются примерно времени путемются примерно времени путемются примерно времени путемются примерно времени путемются примерно времени путемются примерно времени путемются примерно времени путемются примерно времени путемются примерно времени путемются примерно времени путемются примерно времени путемются примерно времени путемются примерно времени путемются примерно времени путемются примерно времени путемются примерно времени путемются примерно времени путемются примерно времени путемются примерно времени путемются примерно времени путемются примерно времени путемются примерно времени путемются примерно времени путемются примерно времени путемются примерно времени путемются примерно времени путемются", "numeric_answer": null, "relative_error": null, "thinking_text": null, "has_tool_call": false, "tool_call": null, "usage": {"prompt_tokens": 101, "completion_tokens": 256, "total_tokens": 357, "token_count_source": "tokenizer"}, "decoding": {"temperature": 0.2, "top_p": null, "top_k": null, "max_tokens": 256, "seed": 42}, "prompt_tokens": 101, "completion_tokens": 256, "total_tokens": 357, "token_count_source": "tokenizer", "diffusion_steps": null, "flops_estimate": null, "flops_arch": null, "flops_model_params": null, "flops_active_params": null, "tokens_non_final": 190, "tokens_reasoning": 0, "tokens_response": 190, "elapsed_seconds": 18.67248797416687, "judgement": "Uncategorized"}
{"id": "travel_time_000808", "topic": "travel_time", "subtopic": "drive_time", "prompt": "You need to travel about 224 miles at around 35 mph. About how many hours will it take?", "exact_value": 6.402857142857143, "model": "tiiuae/Falcon-H1-7B-Instruct", "provider": "transformers", "response": "Finalются примерно путем деления расстояния на скорость путем времениутся примерно путем деления расстояния на скорость путем времениутся примерно путем деления расстояния на скорость путем времениутся примерно путем деления расстояния на скорость путем времениутся примерно путем деления расстояния на скорость путем времениутся примерно путем деления расстояния на скорость путем времениются путем времениутся путем времениются путем времениутся путем времениются путем времениются путем времениются путем времениются путем времениются путем времениются путем времениются путем времениются путем времениются путем времениются путем времениются путем времениются путем времениются путем времениются путем времениются путем времениются путем времениются путем времениются путем времениются путем времениются путем времениются путем времениются путем времениются путем времениются путем времениются путем времениются путем времениются путем времениются путем времениются путем времениются путем времениются путем времениются путем времениются путем времениются путем времениются путем времениются путем времениются путем времениются путем времениются путем времениются путем времениются путем времениются путем времениются путем времениются путем времениются путем времениются путем времениются путем времениются путем времениются путем времениются путем времениются путем времениются путем времениются путем времениются путем времениются путем времениются путем времениются путем времениются путем времениются путем времени", "numeric_answer": null, "relative_error": null, "thinking_text": null, "has_tool_call": false, "tool_call": null, "usage": {"prompt_tokens": 102, "completion_tokens": 256, "total_tokens": 358, "token_count_source": "tokenizer"}, "decoding": {"temperature": 0.2, "top_p": null, "top_k": null, "max_tokens": 256, "seed": 42}, "prompt_tokens": 102, "completion_tokens": 256, "total_tokens": 358, "token_count_source": "tokenizer", "diffusion_steps": null, "flops_estimate": null, "flops_arch": null, "flops_model_params": null, "flops_active_params": null, "tokens_non_final": 175, "tokens_reasoning": 0, "tokens_response": 175, "elapsed_seconds": 18.617679595947266, "judgement": "Uncategorized"}
{"id": "travel_time_000828", "topic": "travel_time", "subtopic": "drive_time", "prompt": "You need to travel about 153 miles at around 45 mph. About how many hours will it take?", "exact_value": 3.391111111111111, "model": "tiiuae/Falcon-H1-7B-Instruct", "provider": "transformers", "response": "Finalются примерно путем деления расстояния на скорость путем времениутся примерно путем деления расстояния на скорость путем времениутся примерно путем деления расстояния на скорость путем времениутся примерно путем деления расстояния на скорость путем времениутся примерно путем деления расстояния на скорость путем времениутся примерно путем деления расстояния на скорость путем времениются путем времениутся путем времениются путем времениются путем времениются путем времениются путем времениются путем времениются путем времениются путем времениются путем времениются путем времениются путем времениются путем времениются путем времениются путем времениются путем времениются путем времениются путем времениются путем времениются путем времениются путем времениются путем времениются путем времениются путем времениются путем времениются путем времениются путем времениются путем времениются путем времениются путем времениются путем времениются путем времениются путем времениются путем времениются путем времениются путем времениются путем времениются путем времениются путем времениются путем времениются путем времениются путем времениются путем времениются путем времениются путем времениются путем времениются путем времениются путем времениются путем времениются путем времениются путем времениются путем времениются путем времениются путем времениются путем времениются путем времениются путем времениются путем времениются путем времениются путем времениются путем времениются путем времениются путем времени", "numeric_answer": null, "relative_error": null, "thinking_text": null, "has_tool_call": false, "tool_call": null, "usage": {"prompt_tokens": 102, "completion_tokens": 256, "total_tokens": 358, "token_count_source": "tokenizer"}, "decoding": {"temperature": 0.2, "top_p": null, "top_k": null, "max_tokens": 256, "seed": 42}, "prompt_tokens": 102, "completion_tokens": 256, "total_tokens": 358, "token_count_source": "tokenizer", "diffusion_steps": null, "flops_estimate": null, "flops_arch": null, "flops_model_params": null, "flops_active_params": null, "tokens_non_final": 175, "tokens_reasoning": 0, "tokens_response": 175, "elapsed_seconds": 18.829397201538086, "judgement": "Uncategorized"}
{"id": "travel_time_000848", "topic": "travel_time", "subtopic": "drive_time", "prompt": "You need to travel about 192 miles at around 25 mph. About how many hours will it take?", "exact_value": 7.7, "model": "tiiuae/Falcon-H1-7B-Instruct", "provider": "transformers", "response": "Finalются примерно путем деления расстояния на скорость путем времени", "numeric_answer": null, "relative_error": null, "thinking_text": null, "has_tool_call": false, "tool_call": null, "usage": {"prompt_tokens": 102, "completion_tokens": 13, "total_tokens": 115, "token_count_source": "tokenizer"}, "decoding": {"temperature": 0.2, "top_p": null, "top_k": null, "max_tokens": 256, "seed": 42}, "prompt_tokens": 102, "completion_tokens": 13, "total_tokens": 115, "token_count_source": "tokenizer", "diffusion_steps": null, "flops_estimate": null, "flops_arch": null, "flops_model_params": null, "flops_active_params": null, "tokens_non_final": 9, "tokens_reasoning": 0, "tokens_response": 9, "elapsed_seconds": 1.01332688331604, "judgement": "Uncategorized"}
{"id": "travel_time_000868", "topic": "travel_time", "subtopic": "drive_time", "prompt": "You need to travel about 145 miles at around 25 mph. About how many hours will it take?", "exact_value": 5.792000000000001, "model": "tiiuae/Falcon-H1-7B-Instruct", "provider": "transformers", "response": "Finalются примерно путем деления расстояния на скорость путем времениутся примерно путем деления расстояния на скорость путем времениутся примерно путем деления расстояния на скорость путем времениутся примерно путем деления расстояния на скорость путем времениутся примерно путем деления расстояния на скорость путем времениутся примерно путем деления расстояния на скорость путем времениутся примерно путем деления расстояния на скорость путем времениются путем деления расстояния на скорость путем времениются путем деления расстояния на скорость путем времениются путем деления расстояния на скорость путем времениются путем деления расстояния на скорость путем времениются путем деления расстояния на скорость путем времениются путем деления расстояния на скорость путем времениются путем деления расстояния на скорость путем времениются путем деления расстояния на скорость путем времениются путем деления расстояния на скорость путем времениются путем деления расстояния на скорость путем времениются путем деления расстояния на скорость путем времениются путем деления расстояния на скорость путем времениются путем деления расстояния на скорость путем времениются путем деления расстояния на скорость путем времениются путем деления расстояния на скорость путем времениются путем деления расстояния на скорость путем времениются путем деления расстояния на скорость путем времениются путем деления расстояния на скорость", "numeric_answer": null, "relative_error": null, "thinking_text": null, "has_tool_call": false, "tool_call": null, "usage": {"prompt_tokens": 102, "completion_tokens": 256, "total_tokens": 358, "token_count_source": "tokenizer"}, "decoding": {"temperature": 0.2, "top_p": null, "top_k": null, "max_tokens": 256, "seed": 42}, "prompt_tokens": 102, "completion_tokens": 256, "total_tokens": 358, "token_count_source": "tokenizer", "diffusion_steps": null, "flops_estimate": null, "flops_arch": null, "flops_model_params": null, "flops_active_params": null, "tokens_non_final": 181, "tokens_reasoning": 0, "tokens_response": 181, "elapsed_seconds": 18.87606406211853, "judgement": "Uncategorized"}
{"id": "travel_time_000888", "topic": "travel_time", "subtopic": "drive_time", "prompt": "You need to travel about 231 miles at around 45 mph. About how many hours will it take?", "exact_value": 5.1288888888888895, "model": "tiiuae/Falcon-H1-7B-Instruct", "provider": "transformers", "response": "Finalются примерно путем деления расстояния на скорость путем времениутся примерно путем деления расстояния на скорость путем времениутся примерно путем деления расстояния на скорость путем времениутся примерно путем деления расстояния на скорость путем времениутся примерно путем деления расстояния на скорость путем времениутся примерно путем деления расстояния на скорость путем времениются путем времениутся путем времениутся путем времениются путем времениются путем времениются путем времениются путем времениются путем времениются путем времениются путем времениются путем времениются путем времениются путем времениются путем времениются путем времениются путем времениются путем времениются путем времениются путем времениются путем времениются путем времениются путем времениются путем времениются путем времениются путем времениются путем времениются путем времениются путем времениются путем времениются путем времениются путем времениются путем времениются путем времениются путем времениются путем времениются путем времениются путем времениются путем времениются путем времениются путем времениются путем времениются путем времениются путем времениются путем времениются путем времениются путем времениются путем времениются путем времениются путем времениются путем времениются путем времениются путем времениются путем времениются путем времениются путем времениются путем времениются путем времениются путем времениются путем времениются путем времениются путем времениются путем времениются путем времени", "numeric_answer": null, "relative_error": null, "thinking_text": null, "has_tool_call": false, "tool_call": null, "usage": {"prompt_tokens": 102, "completion_tokens": 256, "total_tokens": 358, "token_count_source": "tokenizer"}, "decoding": {"temperature": 0.2, "top_p": null, "top_k": null, "max_tokens": 256, "seed": 42}, "prompt_tokens": 102, "completion_tokens": 256, "total_tokens": 358, "token_count_source": "tokenizer", "diffusion_steps": null, "flops_estimate": null, "flops_arch": null, "flops_model_params": null, "flops_active_params": null, "tokens_non_final": 175, "tokens_reasoning": 0, "tokens_response": 175, "elapsed_seconds": 18.72522807121277, "judgement": "Uncategorized"}
{"id": "travel_time_000908", "topic": "travel_time", "subtopic": "drive_time", "prompt": "You need to travel about 116 miles at around 55 mph. About how many hours will it take?", "exact_value": 2.1163636363636367, "model": "tiiuae/Falcon-H1-7B-Instruct", "provider": "transformers", "response": "Finalются примерно времени путем деления расстояния на скорость путем времени равно расстоянию деленное на скорость примерно равно времени", "numeric_answer": null, "relative_error": null, "thinking_text": null, "has_tool_call": false, "tool_call": null, "usage": {"prompt_tokens": 102, "completion_tokens": 24, "total_tokens": 126, "token_count_source": "tokenizer"}, "decoding": {"temperature": 0.2, "top_p": null, "top_k": null, "max_tokens": 256, "seed": 42}, "prompt_tokens": 102, "completion_tokens": 24, "total_tokens": 126, "token_count_source": "tokenizer", "diffusion_steps": null, "flops_estimate": null, "flops_arch": null, "flops_model_params": null, "flops_active_params": null, "tokens_non_final": 18, "tokens_reasoning": 0, "tokens_response": 18, "elapsed_seconds": 1.8181908130645752, "judgement": "Uncategorized"}
{"id": "travel_time_000928", "topic": "travel_time", "subtopic": "drive_time", "prompt": "You need to travel about 63 miles at around 55 mph. About how many hours will it take?", "exact_value": 1.1454545454545455, "model": "tiiuae/Falcon-H1-7B-Instruct", "provider": "transformers", "response": "Finalются примерно времени в пути путем использования формулы времени как расстояния деленное на скорость. Исходя из этого, время примерно равно времени в пути путем использования формулы времени как расстояния деленное на скоростьются примерно времени в пути путем использования формулы времени как расстояния деленное на скоростьются примерно времениются примерно времениются примерно времениются примерно времениются примерно времениются примерно времениются примерно времениются примерно времениются примерно времениются примерно времениются примерно времениются примерно времениются примерно времениются примерно времениются примерно времениются примерно времениются примерно времениются примерно времениются примерно времениются примерно времениются примерно времениются примерно времениются примерно времениются примерно времениются примерно времениются примерно времениются примерно времениются примерно времениются примерно времениются примерно времениются примерно времениются примерно времениются примерно времениются примерно времениются примерно времениются примерно времениются примерно времениются примерно времениются примерно времениются примерно времениются примерно времениются примерно времениются примерно времениются примерно времениются примерно времениются примерно времениются примерно времениются примерно времениются примерно времениются примерно времениются примерно времениются примерно времениются примерно времениются примерно времениются примерно времениются примерно времениются примерно времениются примерно времениются примерно времениются примерно времениются примерно времениются примерно времениются примерно времениются примерно времениются примерно времениются", "numeric_answer": null, "relative_error": null, "thinking_text": null, "has_tool_call": false, "tool_call": null, "usage": {"prompt_tokens": 101, "completion_tokens": 256, "total_tokens": 357, "token_count_source": "tokenizer"}, "decoding": {"temperature": 0.2, "top_p": null, "top_k": null, "max_tokens": 256, "seed": 42}, "prompt_tokens": 101, "completion_tokens": 256, "total_tokens": 357, "token_count_source": "tokenizer", "diffusion_steps": null, "flops_estimate": null, "flops_arch": null, "flops_model_params": null, "flops_active_params": null, "tokens_non_final": 175, "tokens_reasoning": 0, "tokens_response": 175, "elapsed_seconds": 18.829103469848633, "judgement": "Uncategorized"}
{"id": "travel_time_000948", "topic": "travel_time", "subtopic": "drive_time", "prompt": "You need to travel about 186 miles at around 65 mph. About how many hours will it take?", "exact_value": 2.8584615384615386, "model": "tiiuae/Falcon-H1-7B-Instruct", "provider": "transformers", "response": "Finalются примерно путем деления расстояния на скорость путем применения формулы времени времени времени времени времени времени времени времени времени времени времени времени времени времени времени времени времени времени времени времени времени времени времени времени времени времени времени времени времени времени времени времени времени времени времени времени времени времени времени времени времени времени времени времени времени времени времени времени времени времени времени времени времени времени времени времени времени времени времени времени времени времени времени времени времени времени времени времени времени времени времени времени времени времени времени времени времени времени времени времени времени времени времени времени времени времени времени времени времени времени времени времени времени времени времени времени времени времени времени времени времени времени времени времени времени времени времени времени времени времени времени времени времени времени времени времени времени времени времени времени времени времени времени времени времени времени времени времени времени времени времени времени времени времени времени времени времени времени времени времени времени времени времени времени времени времени времени времени времени времени времени времени времени времени времени времени времени времени времени времени времени времени времени времени времени времени времени времени времени времени времени времени времени времени времени времени времени времени времени времени времени времени времени времени времени времени времени времени времени времени времени времени времени времени времени времени времени времени времени времени времени времени времени времени времени времени времени времени времени времени времени времени времени времени времени времени времени времени времени времени времени времени времени времени времени времени времени времени времени времени времени времени времени времени времени времени времени времени времени времени времени времени", "numeric_answer": null, "relative_error": null, "thinking_text": null, "has_tool_call": false, "tool_call": null, "usage": {"prompt_tokens": 102, "completion_tokens": 256, "total_tokens": 358, "token_count_source": "tokenizer"}, "decoding": {"temperature": 0.2, "top_p": null, "top_k": null, "max_tokens": 256, "seed": 42}, "prompt_tokens": 102, "completion_tokens": 256, "total_tokens": 358, "token_count_source": "tokenizer", "diffusion_steps": null, "flops_estimate": null, "flops_arch": null, "flops_model_params": null, "flops_active_params": null, "tokens_non_final": 252, "tokens_reasoning": 0, "tokens_response": 252, "elapsed_seconds": 18.632678985595703, "judgement": "Uncategorized"}
{"id": "travel_time_000968", "topic": "travel_time", "subtopic": "drive_time", "prompt": "You need to travel about 108 miles at around 55 mph. About how many hours will it take?", "exact_value": 1.9672727272727273, "model": "tiiuae/Falcon-H1-7B-Instruct", "provider": "transformers", "response": "Finalются примерно путем расчета времени путем деления расстояния на скорость путем времени равно расстоянию деленное на скоростьутся примерно путем расчета времени путем деления расстояния на скорость путем времени равно расстоянию деленное на скоростьываются примерно путем расчета времени путем деления расстояния на скорость путем времени равно расстоянию деленное на скоростьываются примерно путем расчета времени путем деления расстояния на скорость путем времени равно расстоянию деленное на скоростьываются примерно путем расчета времени путем деления расстояния на скорость путем времени равно расстоянию деленное на скоростьываются примерно путем расчета времени путем деления расстояния на скорость путем времени равно расстоянию деленное на скоростьываются примерно путем расчета времени путем деления расстояния на скорость путем времени равно расстоянию деленное на скоростьываются примерно путем расчета времени путем деления расстояния на скорость путем времени равно расстоянию деленное на скоростьываются примерно путем расчета времени путем деления расстояния на скорость путем времени равно расстоянию деленное на скоростьываются примерно путем расчета времени путем деления расстояния на скорость путем времени равно расстоянию деленное на скоростьываются примерно путем расчета времени путем деления расстояния на скорость путем времени равно расстоянию деленное на скоростьываются примерно путем расчета времени путем деления расстояния на скорость", "numeric_answer": null, "relative_error": null, "thinking_text": null, "has_tool_call": false, "tool_call": null, "usage": {"prompt_tokens": 102, "completion_tokens": 256, "total_tokens": 358, "token_count_source": "tokenizer"}, "decoding": {"temperature": 0.2, "top_p": null, "top_k": null, "max_tokens": 256, "seed": 42}, "prompt_tokens": 102, "completion_tokens": 256, "total_tokens": 358, "token_count_source": "tokenizer", "diffusion_steps": null, "flops_estimate": null, "flops_arch": null, "flops_model_params": null, "flops_active_params": null, "tokens_non_final": 186, "tokens_reasoning": 0, "tokens_response": 186, "elapsed_seconds": 18.751890659332275, "judgement": "Uncategorized"}
{"id": "travel_time_000988", "topic": "travel_time", "subtopic": "drive_time", "prompt": "You need to travel about 156 miles at around 55 mph. About how many hours will it take?", "exact_value": 2.838181818181818, "model": "tiiuae/Falcon-H1-7B-Instruct", "provider": "transformers", "response": "Finalются примерно времени путем деления расстояния на скорость путем времени примерно равно расстоянию деленное на скоростьутся примерно времени путем деления расстояния на скорость путем времени примерно равно расстоянию деленное на скорость примерно равноутся примерно времени путем деления расстояния на скорость путем времени примерно равно расстоянию деленное на скорость примерно равноются примерно времени путем деления расстояния на скорость путем времени примерно равноются примерно времени путем деления расстоянияются примерно времени путемются примерно времени путемются примерно времени путемются примерно времени путемются примерно времени путемются примерно времени путемются примерно времени путемются примерно времени путемются примерно времени путемются примерно времени путемются примерно времени путемются примерно времени путемются примерно времени путемются примерно времени путемются примерно времени путемются примерно времени путемются примерно времени путемются примерно времени путемются примерно времени путемются примерно времени путемются примерно времени путемются примерно времени путемются примерно времени путемются примерно времени путемются примерно времени путемются примерно времени путемются примерно времени путемются примерно времени путемются примерно времени путемются примерно времени путемются примерно времени путемются примерно времени путемются примерно времени путемются примерно времени путемются примерно времени путемются примерно времени путемются примерно времени путемются примерно времени путемются примерно времени путемются примерно времени путемются примерно времени путемются примерно времени путемются", "numeric_answer": null, "relative_error": null, "thinking_text": null, "has_tool_call": false, "tool_call": null, "usage": {"prompt_tokens": 102, "completion_tokens": 256, "total_tokens": 358, "token_count_source": "tokenizer"}, "decoding": {"temperature": 0.2, "top_p": null, "top_k": null, "max_tokens": 256, "seed": 42}, "prompt_tokens": 102, "completion_tokens": 256, "total_tokens": 358, "token_count_source": "tokenizer", "diffusion_steps": null, "flops_estimate": null, "flops_arch": null, "flops_model_params": null, "flops_active_params": null, "tokens_non_final": 192, "tokens_reasoning": 0, "tokens_response": 192, "elapsed_seconds": 18.981411933898926, "judgement": "Uncategorized"}
{"id": "travel_time_001008", "topic": "travel_time", "subtopic": "drive_time", "prompt": "You need to travel about 74 miles at around 25 mph. About how many hours will it take?", "exact_value": 2.948, "model": "tiiuae/Falcon-H1-7B-Instruct", "provider": "transformers", "response": "Finalются примерно времени в часах путем деления расстояния на скорость примерно примерно примерно примерно примерно примерно примерно примерно примерно примерно примерно примерно примерно примерно примерно примерно примерно примерно примерно примерно примерно примерно примерно примерно примерно примерно примерно примерно примерно примерно примерно примерно примерно примерно примерно примерно примерно примерно примерно примерно примерно примерно примерно примерно примерно примерно примерно примерно примерно примерно примерно примерно примерно примерно примерно примерно примерно примерно примерно примерно примерно примерно примерно примерно примерно примерно примерно примерно примерно примерно примерно примерно примерно примерно примерно примерно примерно примерно примерно примерно примерно примерно примерно примерно примерно примерно примерно примерно примерно примерно примерно примерно примерно примерно примерно примерно примерно примерно примерно примерно примерно примерно примерно примерно примерно примерно примерно примерно примерно примерно примерно примерно примерно примерно примерно примерно примерно примерно примерно примерно примерно примерно примерно примерно примерно примерно примерно примерно примерно примерно примерно примерно примерно примерно примерно примерно примерно примерно примерно примерно примерно примерно примерно примерно примерно примерно примерно примерно примерно примерно примерно примерно примерно примерно примерно примерно примерно примерно примерно примерно примерно примерно примерно примерно примерно примерно примерно примерно примерно примерно примерно примерно примерно примерно примерно примерно примерно примерно примерно примерно примерно примерно примерно примерно примерно примерно примерно примерно примерно примерно примерно примерно примерно примерно примерно примерно примерно примерно примерно примерно примерно примерно примерно примерно примерно примерно примерно примерно примерно примерно примерно примерно примерно примерно примерно примерно примерно примерно примерно примерно примерно примерно примерно примерно примерно примерно примерно примерно примерно примерно примерно примерно примерно примерно примерно примерно примерно примерно примерно примерно примерно примерно", "numeric_answer": null, "relative_error": null, "thinking_text": null, "has_tool_call": false, "tool_call": null, "usage": {"prompt_tokens": 101, "completion_tokens": 256, "total_tokens": 357, "token_count_source": "tokenizer"}, "decoding": {"temperature": 0.2, "top_p": null, "top_k": null, "max_tokens": 256, "seed": 42}, "prompt_tokens": 101, "completion_tokens": 256, "total_tokens": 357, "token_count_source": "tokenizer", "diffusion_steps": null, "flops_estimate": null, "flops_arch": null, "flops_model_params": null, "flops_active_params": null, "tokens_non_final": 252, "tokens_reasoning": 0, "tokens_response": 252, "elapsed_seconds": 18.731982707977295, "judgement": "Uncategorized"}
{"id": "travel_time_001028", "topic": "travel_time", "subtopic": "drive_time", "prompt": "You need to travel about 51 miles at around 55 mph. About how many hours will it take?", "exact_value": 0.9309090909090909, "model": "tiiuae/Falcon-H1-7B-Instruct", "provider": "transformers", "response": "Finalются примерно времени в пути путем использования формулы времени как расстояния деленное на скорость. Расстояние равно примерно ются примерно времени путем использования формулы времени как расстояния деленное на скоростьываются примерно времени путем использования формулы времени равно расстоянию деленное наутся примерно времени путем использованияются примерно времени путем использованияются примерно времени путемизацииются примерно времени путемизацииются примерно времени путемизацииются примерно времени путемизацииются примерно времени путемизацииются примерно времени путемизацииются примерно времени путемизацииываются примерно времени путемизацииываются примерно времени путемизацииываются примерно времени путемизацииываются примерно времени путемизацииываются примерно времени путемизацииываются примерно времени путемизацииываются примерно времени путемизацииываются примерно времени путемизацииываются примерно времени путемизацииываются примерно времени путемизацииываются примерно времени путемизацииываются примерно времени путемизацииываются примерно времени путемизацииываются примерно времени путемизацииываются примерно времени путемизацииываются примерно времени путемизацииываются примерно времени путемизацииываются примерно времени путемизацииываются примерно времени путемизацииываются примерно времени путемизацииываются примерно времени путемизацииываются примерно времени путемизацииываются примерно времени путемизацииываются примерно времени путемизацииываются примерно времени путемизацииываются примерно времени путемизацииываются примерно времени путемизацииываются примерно времени путемизацииываются примерно времени путемизацииываются примерно времени путемизацииываются примерно времени путемизацииываются примерно", "numeric_answer": null, "relative_error": null, "thinking_text": null, "has_tool_call": false, "tool_call": null, "usage": {"prompt_tokens": 101, "completion_tokens": 256, "total_tokens": 357, "token_count_source": "tokenizer"}, "decoding": {"temperature": 0.2, "top_p": null, "top_k": null, "max_tokens": 256, "seed": 42}, "prompt_tokens": 101, "completion_tokens": 256, "total_tokens": 357, "token_count_source": "tokenizer", "diffusion_steps": null, "flops_estimate": null, "flops_arch": null, "flops_model_params": null, "flops_active_params": null, "tokens_non_final": 162, "tokens_reasoning": 0, "tokens_response": 162, "elapsed_seconds": 18.793134212493896, "judgement": "Uncategorized"}
{"id": "travel_time_001048", "topic": "travel_time", "subtopic": "drive_time", "prompt": "You need to travel about 216 miles at around 35 mph. About how many hours will it take?", "exact_value": 6.180000000000001, "model": "tiiuae/Falcon-H1-7B-Instruct", "provider": "transformers", "response": "Finalются примерно путем деления расстояния на скорость путем времениутся примерно путем деления расстояния на скорость путем времениутся примерно путем деления расстояния на скорость путем времениутся примерно путем деления расстояния на скорость путем времениутся примерно путем деления расстояния на скорость путем времениутся примерно путем деления расстояния на скорость путем времениются путем времениутся путем времениются путем времениются путем времениются путем времениются путем времениются путем времениются путем времениются путем времениются путем времениются путем времениются путем времениются путем времениются путем времениются путем времениются путем времениются путем времениются путем времениются путем времениются путем времениются путем времениются путем времениются путем времениются путем времениются путем времениются путем времениются путем времениются путем времениются путем времениются путем времениются путем времениются путем времениются путем времениются путем времениются путем времениются путем времениются путем времениются путем времениются путем времениются путем времениются путем времениются путем времениются путем времениются путем времениются путем времениются путем времениются путем времениются путем времениются путем времениются путем времениются путем времениются путем времениются путем времениются путем времениются путем времениются путем времениются путем времениются путем времениются путем времениются путем времениются путем времениются путем времениются путем времени", "numeric_answer": null, "relative_error": null, "thinking_text": null, "has_tool_call": false, "tool_call": null, "usage": {"prompt_tokens": 102, "completion_tokens": 256, "total_tokens": 358, "token_count_source": "tokenizer"}, "decoding": {"temperature": 0.2, "top_p": null, "top_k": null, "max_tokens": 256, "seed": 42}, "prompt_tokens": 102, "completion_tokens": 256, "total_tokens": 358, "token_count_source": "tokenizer", "diffusion_steps": null, "flops_estimate": null, "flops_arch": null, "flops_model_params": null, "flops_active_params": null, "tokens_non_final": 175, "tokens_reasoning": 0, "tokens_response": 175, "elapsed_seconds": 18.847273588180542, "judgement": "Uncategorized"}
{"id": "travel_time_001068", "topic": "travel_time", "subtopic": "drive_time", "prompt": "You need to travel about 183 miles at around 25 mph. About how many hours will it take?", "exact_value": 7.308, "model": "tiiuae/Falcon-H1-7B-Instruct", "provider": "transformers", "response": "Finalются примерно путем деления расстояния на скорость путем времениутся примерно путем деления расстояния на скорость путем времениутся примерно путем деления расстояния на скорость путем времениутся примерно путем деления расстояния на скорость путем времениутся примерно путем деления расстояния на скорость путем времениутся примерно путем деления расстояния на скорость путем времениются путем времениутся путем времениутся путем времениются путем времениются путем времениются путем времениются путем времениются путем времениются путем времениются путем времениются путем времениются путем времениются путем времениются путем времениются путем времениются путем времениются путем времениются путем времениются путем времениются путем времениются путем времениются путем времениются путем времениются путем времениются путем времениются путем времениются путем времениются путем времениются путем времениются путем времениются путем времениются путем времениются путем времениются путем времениются путем времениются путем времениются путем времениются путем времениются путем времениются путем времениются путем времениются путем времениются путем времениются путем времениются путем времениются путем времениются путем времениются путем времениются путем времениются путем времениются путем времениются путем времениются путем времениются путем времениются путем времениются путем времениются путем времениются путем времениются путем времениются путем времениются путем времениются путем времениются путем времени", "numeric_answer": null, "relative_error": null, "thinking_text": null, "has_tool_call": false, "tool_call": null, "usage": {"prompt_tokens": 102, "completion_tokens": 256, "total_tokens": 358, "token_count_source": "tokenizer"}, "decoding": {"temperature": 0.2, "top_p": null, "top_k": null, "max_tokens": 256, "seed": 42}, "prompt_tokens": 102, "completion_tokens": 256, "total_tokens": 358, "token_count_source": "tokenizer", "diffusion_steps": null, "flops_estimate": null, "flops_arch": null, "flops_model_params": null, "flops_active_params": null, "tokens_non_final": 175, "tokens_reasoning": 0, "tokens_response": 175, "elapsed_seconds": 18.766154050827026, "judgement": "Uncategorized"}
{"id": "physics_estimate_000112", "topic": "physics_estimate", "subtopic": "fill_rate", "prompt": "A faucet fills 40 liters at about 6 liters per minute. About how many minutes does it take?", "exact_value": 6.666666666666667, "model": "tiiuae/Falcon-H1-7B-Instruct", "provider": "transformers", "response": "Finalются", "numeric_answer": null, "relative_error": null, "thinking_text": null, "has_tool_call": false, "tool_call": null, "usage": {"prompt_tokens": 100, "completion_tokens": 3, "total_tokens": 103, "token_count_source": "tokenizer"}, "decoding": {"temperature": 0.2, "top_p": null, "top_k": null, "max_tokens": 256, "seed": 42}, "prompt_tokens": 100, "completion_tokens": 3, "total_tokens": 103, "token_count_source": "tokenizer", "diffusion_steps": null, "flops_estimate": null, "flops_arch": null, "flops_model_params": null, "flops_active_params": null, "tokens_non_final": 1, "tokens_reasoning": 0, "tokens_response": 1, "elapsed_seconds": 0.2838890552520752, "judgement": "Uncategorized"}
{"id": "physics_estimate_000132", "topic": "physics_estimate", "subtopic": "fill_rate", "prompt": "A faucet fills 10 liters at about 6 liters per minute. About how many minutes does it take?", "exact_value": 1.6666666666666667, "model": "tiiuae/Falcon-H1-7B-Instruct", "provider": "transformers", "response": "Finalются", "numeric_answer": null, "relative_error": null, "thinking_text": null, "has_tool_call": false, "tool_call": null, "usage": {"prompt_tokens": 100, "completion_tokens": 3, "total_tokens": 103, "token_count_source": "tokenizer"}, "decoding": {"temperature": 0.2, "top_p": null, "top_k": null, "max_tokens": 256, "seed": 42}, "prompt_tokens": 100, "completion_tokens": 3, "total_tokens": 103, "token_count_source": "tokenizer", "diffusion_steps": null, "flops_estimate": null, "flops_arch": null, "flops_model_params": null, "flops_active_params": null, "tokens_non_final": 1, "tokens_reasoning": 0, "tokens_response": 1, "elapsed_seconds": 0.27695250511169434, "judgement": "Uncategorized"}
{"id": "physics_estimate_000152", "topic": "physics_estimate", "subtopic": "fill_rate", "prompt": "A faucet fills 10 liters at about 7 liters per minute. About how many minutes does it take?", "exact_value": 1.4285714285714286, "model": "tiiuae/Falcon-H1-7B-Instruct", "provider": "transformers", "response": "Finalются", "numeric_answer": null, "relative_error": null, "thinking_text": null, "has_tool_call": false, "tool_call": null, "usage": {"prompt_tokens": 100, "completion_tokens": 3, "total_tokens": 103, "token_count_source": "tokenizer"}, "decoding": {"temperature": 0.2, "top_p": null, "top_k": null, "max_tokens": 256, "seed": 42}, "prompt_tokens": 100, "completion_tokens": 3, "total_tokens": 103, "token_count_source": "tokenizer", "diffusion_steps": null, "flops_estimate": null, "flops_arch": null, "flops_model_params": null, "flops_active_params": null, "tokens_non_final": 1, "tokens_reasoning": 0, "tokens_response": 1, "elapsed_seconds": 0.27304697036743164, "judgement": "Uncategorized"}
{"id": "physics_estimate_000172", "topic": "physics_estimate", "subtopic": "fill_rate", "prompt": "A faucet fills 15 liters at about 6 liters per minute. About how many minutes does it take?", "exact_value": 2.5, "model": "tiiuae/Falcon-H1-7B-Instruct", "provider": "transformers", "response": "Finalютсяываютсяываютсяываютсяываютсяываютсяываютсяываютсяываютсяываютсяываютсяываютсяываютсяываютсяываютсяываютсяываютсяютсяываютсяываютсяываютсяываютсяываютсяютсяываютсяываютсяываютсяываютсяываютсяываютсяютсяываютсяываютсяываютсяываютсяываютсяываютсяютсяываютсяютсяываютсяываютсяываютсяываютсяываютсяываютсяютсяываютсяываютсяываютсяываютсяываютсяываютсяютсяываютсяютсяываютсяываютсяываютсяываютсяываютсяываютсяютсяываютсяютсяываютсяютсяываютсяютсяываютсяютсяываютсяютсяываютсяютсяываютсяютсяываютсяютсяываютсяютсяываютсяютсяываютсяютсяываютсяютсяываютсяютсяываютсяютсяываютсяютсяываютсяютсяываютсяютсяываютсяютсяываютсяютсяываютсяютсяываютсяютсяываютсяютсяываютсяютсяываютсяютсяываютсяютсяываютсяютсяываютсяютсяываютсяютсяываютсяютсяываютсяютсяываютсяютсяываютсяютсяываютсяютсяываютсяютсяываютсяютсяываютсяютсяываютсяютсяываютсяютсяываютсяютсяываютсяютсяываютсяютсяываютсяютсяываютсяютсяываютсяютсяываютсяютсяываютсяютсяываютсяютсяываютсяютсяываютсяютсяываютсяютсяываютсяютсяываютсяютсяываютсяютсяываютсяютсяываютсяютсяываютсяютсяываютсяютсяываютсяютсяываютсяютсяываютсяютсяываютсяютсяываютсяютсяываютсяютсяываютсяютсяываютсяютсяываютсяютсяываютсяютсяываютсяютсяываютсяютсяываютсяютсяываютсяютсяываютсяютсяываютсяютсяываютсяютсяываютсяютсяываютсяютсяываютсяютсяываютсяютсяываютсяютсяываютсяютсяываютсяютсяываютсяютсяываютсяютсяываютсяютсяываютсяютсяываютсяютсяываютсяютсяываютсяютсяываютсяютсяываютсяютсяываютсяютсяываютсяютсяываютсяютсяываютсяютсяываютсяютсяываютсяются", "numeric_answer": null, "relative_error": null, "thinking_text": null, "has_tool_call": false, "tool_call": null, "usage": {"prompt_tokens": 100, "completion_tokens": 256, "total_tokens": 356, "token_count_source": "tokenizer"}, "decoding": {"temperature": 0.2, "top_p": null, "top_k": null, "max_tokens": 256, "seed": 42}, "prompt_tokens": 100, "completion_tokens": 256, "total_tokens": 356, "token_count_source": "tokenizer", "diffusion_steps": null, "flops_estimate": null, "flops_arch": null, "flops_model_params": null, "flops_active_params": null, "tokens_non_final": 1, "tokens_reasoning": 0, "tokens_response": 1, "elapsed_seconds": 19.04187250137329, "judgement": "Uncategorized"}
{"id": "physics_estimate_000192", "topic": "physics_estimate", "subtopic": "fill_rate", "prompt": "A faucet fills 15 liters at about 8 liters per minute. About how many minutes does it take?", "exact_value": 1.875, "model": "tiiuae/Falcon-H1-7B-Instruct", "provider": "transformers", "response": "Finalютсяываютсяываютсяываютсяываютсяываютсяываютсяываютсяываютсяываютсяываютсяываютсяываютсяываютсяываютсяываютсяываютсяываютсяютсяываютсяываютсяываютсяываютсяываютсяютсяываютсяываютсяываютсяываютсяютсяываютсяютсяываютсяываютсяываютсяютсяываютсяываютсяываютсяываютсяываютсяютсяываютсяютсяываютсяютсяываютсяютсяываютсяываютсяютсяываютсяываютсяываютсяываютсяываютсяютсяываютсяютсяываютсяютсяываютсяываютсяютсяываютсяываютсяютсяываютсяютсяываютсяютсяываютсяютсяываютсяываютсяютсяываютсяютсяываютсяютсяываютсяютсяываютсяютсяываютсяютсяываютсяютсяываютсяютсяываютсяютсяываютсяютсяываютсяютсяываютсяютсяываютсяютсяываютсяютсяываютсяютсяываютсяютсяываютсяютсяываютсяютсяываютсяютсяываютсяютсяываютсяютсяываютсяютсяываютсяютсяываютсяютсяываютсяютсяываютсяютсяываютсяютсяываютсяютсяываютсяютсяываютсяютсяываютсяютсяываютсяютсяываютсяютсяываютсяютсяываютсяютсяываютсяютсяываютсяютсяываютсяютсяываютсяютсяываютсяютсяываютсяютсяываютсяютсяываютсяютсяываютсяютсяываютсяютсяываютсяютсяываютсяютсяываютсяютсяываютсяютсяываютсяютсяываютсяютсяываютсяютсяываютсяютсяываютсяютсяываютсяютсяываютсяютсяываютсяютсяываютсяютсяываютсяютсяываютсяютсяываютсяютсяываютсяютсяываютсяютсяываютсяютсяываютсяютсяываютсяютсяываютсяютсяываютсяютсяываютсяютсяываютсяютсяываютсяютсяываютсяютсяываютсяютсяываютсяютсяываютсяютсяываютсяютсяываютсяютсяываютсяютсяываютсяютсяываютсяютсяываютсяютсяываютсяютсяываютсяютсяываютсяютсяываютсяютсяываютсяютсяываютсяютсяываютсяютсяываютсяютсяываютсяютсяываются", "numeric_answer": null, "relative_error": null, "thinking_text": null, "has_tool_call": false, "tool_call": null, "usage": {"prompt_tokens": 100, "completion_tokens": 256, "total_tokens": 356, "token_count_source": "tokenizer"}, "decoding": {"temperature": 0.2, "top_p": null, "top_k": null, "max_tokens": 256, "seed": 42}, "prompt_tokens": 100, "completion_tokens": 256, "total_tokens": 356, "token_count_source": "tokenizer", "diffusion_steps": null, "flops_estimate": null, "flops_arch": null, "flops_model_params": null, "flops_active_params": null, "tokens_non_final": 1, "tokens_reasoning": 0, "tokens_response": 1, "elapsed_seconds": 19.02004075050354, "judgement": "Uncategorized"}
{"id": "physics_estimate_000212", "topic": "physics_estimate", "subtopic": "fill_rate", "prompt": "A faucet fills 50 liters at about 6 liters per minute. About how many minutes does it take?", "exact_value": 8.333333333333334, "model": "tiiuae/Falcon-H1-7B-Instruct", "provider": "transformers", "response": "Finalются", "numeric_answer": null, "relative_error": null, "thinking_text": null, "has_tool_call": false, "tool_call": null, "usage": {"prompt_tokens": 100, "completion_tokens": 3, "total_tokens": 103, "token_count_source": "tokenizer"}, "decoding": {"temperature": 0.2, "top_p": null, "top_k": null, "max_tokens": 256, "seed": 42}, "prompt_tokens": 100, "completion_tokens": 3, "total_tokens": 103, "token_count_source": "tokenizer", "diffusion_steps": null, "flops_estimate": null, "flops_arch": null, "flops_model_params": null, "flops_active_params": null, "tokens_non_final": 1, "tokens_reasoning": 0, "tokens_response": 1, "elapsed_seconds": 0.27991580963134766, "judgement": "Uncategorized"}
{"id": "physics_estimate_000232", "topic": "physics_estimate", "subtopic": "fill_rate", "prompt": "A faucet fills 20 liters at about 4 liters per minute. About how many minutes does it take?", "exact_value": 5.0, "model": "tiiuae/Falcon-H1-7B-Instruct", "provider": "transformers", "response": "Finalются", "numeric_answer": null, "relative_error": null, "thinking_text": null, "has_tool_call": false, "tool_call": null, "usage": {"prompt_tokens": 100, "completion_tokens": 3, "total_tokens": 103, "token_count_source": "tokenizer"}, "decoding": {"temperature": 0.2, "top_p": null, "top_k": null, "max_tokens": 256, "seed": 42}, "prompt_tokens": 100, "completion_tokens": 3, "total_tokens": 103, "token_count_source": "tokenizer", "diffusion_steps": null, "flops_estimate": null, "flops_arch": null, "flops_model_params": null, "flops_active_params": null, "tokens_non_final": 1, "tokens_reasoning": 0, "tokens_response": 1, "elapsed_seconds": 0.2782740592956543, "judgement": "Uncategorized"}
{"id": "physics_estimate_000252", "topic": "physics_estimate", "subtopic": "fill_rate", "prompt": "A faucet fills 30 liters at about 5 liters per minute. About how many minutes does it take?", "exact_value": 6.0, "model": "tiiuae/Falcon-H1-7B-Instruct", "provider": "transformers", "response": "Finalютсяываютсяываютсяываютсяываютсяываютсяываютсяываютсяываютсяываютсяываютсяываютсяываютсяываютсяываютсяываютсяываютсяываютсяываютсяываютсяываютсяываютсяываютсяываютсяываютсяываютсяываютсяываютсяываютсяываютсяываютсяываютсяываютсяываютсяываютсяываютсяываютсяываютсяываютсяываютсяываютсяываютсяываютсяываютсяываютсяываютсяываютсяываютсяываютсяываютсяываютсяываютсяываютсяываютсяываютсяываютсяываютсяываютсяываютсяываютсяываютсяываютсяываютсяываютсяываютсяываютсяываютсяываютсяываютсяываютсяываютсяываютсяываютсяываютсяываютсяываютсяываютсяываютсяываютсяываютсяываютсяываютсяываютсяываютсяываютсяываютсяываютсяываютсяываютсяываютсяываютсяываютсяываютсяываютсяываютсяываютсяываютсяываютсяываютсяываютсяываютсяываютсяываютсяываютсяываютсяываютсяываютсяываютсяываютсяываютсяываютсяываютсяываютсяываютсяываютсяываютсяываютсяываютсяываютсяываютсяываютсяываютсяываютсяываютсяываютсяываютсяываютсяываютсяываютсяываютсяываютсяываютсяываютсяываютсяываютсяываютсяываютсяываютсяываютсяываютсяываютсяываютсяываютсяываютсяываютсяываютсяываютсяываютсяываютсяываютсяываютсяываютсяываютсяываютсяываютсяываютсяываютсяываютсяываютсяываютсяываютсяываютсяываютсяываютсяываютсяываютсяываютсяываютсяываютсяываютсяываютсяываютсяываютсяываютсяываютсяываютсяываютсяываютсяываютсяываютсяываютсяываютсяываютсяываютсяываютсяываютсяываютсяываютсяываютсяываютсяываютсяываютсяываютсяываютсяываютсяываютсяываютсяываютсяываютсяываютсяываютсяываютсяываютсяываютсяываютсяываютсяываютсяываютсяютсяываютсяываютсяываютсяываютсяываютсяываютсяываютсяываютсяываютсяываютсяываютсяываютсяываютсяываютсяываютсяываютсяываютсяываютсяываютсяываютсяываютсяываютсяываютсяываютсяываютсяываютсяываютсяываютсяываютсяываютсяываютсяываютсяютсяываютсяываютсяываютсяываютсяываютсяываютсяываютсяываютсяываютсяываютсяываютсяываютсяываются", "numeric_answer": null, "relative_error": null, "thinking_text": null, "has_tool_call": false, "tool_call": null, "usage": {"prompt_tokens": 100, "completion_tokens": 256, "total_tokens": 356, "token_count_source": "tokenizer"}, "decoding": {"temperature": 0.2, "top_p": null, "top_k": null, "max_tokens": 256, "seed": 42}, "prompt_tokens": 100, "completion_tokens": 256, "total_tokens": 356, "token_count_source": "tokenizer", "diffusion_steps": null, "flops_estimate": null, "flops_arch": null, "flops_model_params": null, "flops_active_params": null, "tokens_non_final": 1, "tokens_reasoning": 0, "tokens_response": 1, "elapsed_seconds": 18.931944608688354, "judgement": "Uncategorized"}
{"id": "physics_estimate_000272", "topic": "physics_estimate", "subtopic": "fill_rate", "prompt": "A faucet fills 50 liters at about 6 liters per minute. About how many minutes does it take?", "exact_value": 8.333333333333334, "model": "tiiuae/Falcon-H1-7B-Instruct", "provider": "transformers", "response": "Finalются", "numeric_answer": null, "relative_error": null, "thinking_text": null, "has_tool_call": false, "tool_call": null, "usage": {"prompt_tokens": 100, "completion_tokens": 3, "total_tokens": 103, "token_count_source": "tokenizer"}, "decoding": {"temperature": 0.2, "top_p": null, "top_k": null, "max_tokens": 256, "seed": 42}, "prompt_tokens": 100, "completion_tokens": 3, "total_tokens": 103, "token_count_source": "tokenizer", "diffusion_steps": null, "flops_estimate": null, "flops_arch": null, "flops_model_params": null, "flops_active_params": null, "tokens_non_final": 1, "tokens_reasoning": 0, "tokens_response": 1, "elapsed_seconds": 0.2625293731689453, "judgement": "Uncategorized"}
{"id": "physics_estimate_000292", "topic": "physics_estimate", "subtopic": "fill_rate", "prompt": "A faucet fills 20 liters at about 4 liters per minute. About how many minutes does it take?", "exact_value": 5.0, "model": "tiiuae/Falcon-H1-7B-Instruct", "provider": "transformers", "response": "Finalютсяываютсяываютсяываютсяываютсяываютсяываютсяываютсяываютсяываютсяываютсяываютсяываютсяываютсяываютсяываютсяываютсяютсяываютсяываютсяываютсяываютсяываютсяютсяываютсяываютсяываютсяываютсяываютсяываютсяютсяываютсяываютсяываютсяываютсяываютсяываютсяютсяываютсяютсяываютсяываютсяываютсяываютсяываютсяываютсяютсяываютсяываютсяываютсяываютсяываютсяываютсяютсяываютсяютсяываютсяютсяываютсяютсяываютсяываютсяютсяываютсяютсяываютсяютсяываютсяютсяываютсяютсяываютсяютсяываютсяютсяываютсяютсяываютсяютсяываютсяютсяываютсяютсяываютсяютсяываютсяютсяываютсяютсяываютсяютсяываютсяютсяываютсяютсяываютсяютсяываютсяютсяываютсяютсяываютсяютсяываютсяютсяываютсяютсяываютсяютсяываютсяютсяываютсяютсяываютсяютсяываютсяютсяываютсяютсяываютсяютсяываютсяютсяываютсяютсяываютсяютсяываютсяютсяываютсяютсяываютсяютсяываютсяютсяываютсяютсяываютсяютсяываютсяютсяываютсяютсяываютсяютсяываютсяютсяываютсяютсяываютсяютсяываютсяютсяываютсяютсяываютсяютсяываютсяютсяываютсяютсяываютсяютсяываютсяютсяываютсяютсяываютсяютсяываютсяютсяываютсяютсяываютсяютсяываютсяютсяываютсяютсяываютсяютсяываютсяютсяываютсяютсяываютсяютсяываютсяютсяываютсяютсяываютсяютсяываютсяютсяываютсяютсяываютсяютсяываютсяютсяываютсяютсяываютсяютсяываютсяютсяываютсяютсяываютсяютсяываютсяютсяываютсяютсяываютсяютсяываютсяютсяываютсяютсяываютсяютсяываютсяютсяываютсяютсяываютсяютсяываютсяютсяываютсяютсяываютсяютсяываютсяютсяываютсяютсяываютсяютсяываютсяютсяываютсяютсяываютсяютсяываютсяютсяываютсяютсяываютсяютсяываютсяются", "numeric_answer": null, "relative_error": null, "thinking_text": null, "has_tool_call": false, "tool_call": null, "usage": {"prompt_tokens": 100, "completion_tokens": 256, "total_tokens": 356, "token_count_source": "tokenizer"}, "decoding": {"temperature": 0.2, "top_p": null, "top_k": null, "max_tokens": 256, "seed": 42}, "prompt_tokens": 100, "completion_tokens": 256, "total_tokens": 356, "token_count_source": "tokenizer", "diffusion_steps": null, "flops_estimate": null, "flops_arch": null, "flops_model_params": null, "flops_active_params": null, "tokens_non_final": 1, "tokens_reasoning": 0, "tokens_response": 1, "elapsed_seconds": 19.059707641601562, "judgement": "Uncategorized"}
{"id": "physics_estimate_000312", "topic": "physics_estimate", "subtopic": "fill_rate", "prompt": "A faucet fills 15 liters at about 4 liters per minute. About how many minutes does it take?", "exact_value": 3.75, "model": "tiiuae/Falcon-H1-7B-Instruct", "provider": "transformers", "response": "Finalютсяываютсяываютсяываютсяываютсяываютсяываютсяываютсяываютсяываютсяываютсяываютсяываютсяываютсяываютсяываютсяываютсяываютсяютсяываютсяываютсяываютсяываютсяываютсяютсяываютсяываютсяываютсяываютсяываютсяываютсяютсяываютсяываютсяываютсяываютсяываютсяываютсяютсяываютсяываютсяываютсяываютсяываютсяываютсяютсяываютсяываютсяываютсяываютсяываютсяываютсяютсяываютсяываютсяываютсяываютсяываютсяываютсяютсяываютсяываютсяываютсяываютсяываютсяываютсяютсяываютсяываютсяываютсяываютсяываютсяываютсяютсяываютсяываютсяываютсяываютсяываютсяываютсяютсяываютсяываютсяываютсяываютсяываютсяываютсяютсяываютсяываютсяываютсяываютсяываютсяываютсяютсяываютсяываютсяываютсяываютсяываютсяываютсяютсяываютсяываютсяываютсяываютсяываютсяываютсяютсяываютсяываютсяываютсяываютсяываютсяываютсяютсяываютсяываютсяываютсяываютсяываютсяываютсяютсяываютсяываютсяываютсяываютсяываютсяываютсяютсяываютсяываютсяываютсяываютсяываютсяываютсяютсяываютсяываютсяываютсяываютсяываютсяываютсяютсяываютсяываютсяываютсяываютсяываютсяываютсяютсяываютсяываютсяываютсяываютсяываютсяываютсяютсяываютсяываютсяываютсяываютсяываютсяываютсяютсяываютсяываютсяываютсяываютсяываютсяываютсяютсяываютсяываютсяываютсяываютсяываютсяываютсяютсяываютсяываютсяываютсяываютсяываютсяываютсяютсяываютсяываютсяываютсяываютсяываютсяываютсяютсяываютсяываютсяываютсяываютсяываютсяываютсяютсяываютсяываютсяываютсяываютсяываютсяываютсяютсяываютсяываютсяываютсяываютсяываютсяываютсяютсяываютсяываютсяываютсяываютсяываютсяываютсяютсяываютсяываютсяываютсяываютсяываютсяываютсяютсяываютсяываютсяываютсяываютсяываютсяываютсяютсяываютсяываютсяываютсяываютсяываютсяываютсяютсяываютсяываютсяываютсяываютсяываютсяываютсяютсяываютсяютсяываютсяываютсяываютсяываются", "numeric_answer": null, "relative_error": null, "thinking_text": null, "has_tool_call": false, "tool_call": null, "usage": {"prompt_tokens": 100, "completion_tokens": 256, "total_tokens": 356, "token_count_source": "tokenizer"}, "decoding": {"temperature": 0.2, "top_p": null, "top_k": null, "max_tokens": 256, "seed": 42}, "prompt_tokens": 100, "completion_tokens": 256, "total_tokens": 356, "token_count_source": "tokenizer", "diffusion_steps": null, "flops_estimate": null, "flops_arch": null, "flops_model_params": null, "flops_active_params": null, "tokens_non_final": 1, "tokens_reasoning": 0, "tokens_response": 1, "elapsed_seconds": 19.244754314422607, "judgement": "Uncategorized"}
{"id": "physics_estimate_000332", "topic": "physics_estimate", "subtopic": "fill_rate", "prompt": "A faucet fills 15 liters at about 5 liters per minute. About how many minutes does it take?", "exact_value": 3.0, "model": "tiiuae/Falcon-H1-7B-Instruct", "provider": "transformers", "response": "Finalютсяываютсяываютсяываютсяываютсяываютсяываютсяываютсяываютсяываютсяываютсяываютсяываютсяываютсяываютсяываютсяываютсяываютсяютсяываютсяываютсяываютсяываютсяываютсяютсяываютсяываютсяываютсяываютсяываютсяываютсяютсяываютсяываютсяываютсяываютсяываютсяываютсяютсяываютсяываютсяываютсяываютсяываютсяываютсяютсяываютсяютсяываютсяываютсяываютсяываютсяываютсяываютсяютсяываютсяываютсяываютсяываютсяываютсяываютсяютсяываютсяываютсяываютсяываютсяываютсяываютсяютсяываютсяываютсяываютсяываютсяываютсяываютсяютсяываютсяютсяываютсяываютсяываютсяываютсяываютсяываютсяютсяываютсяываютсяютсяываютсяютсяываютсяываютсяываютсяываютсяываютсяываютсяютсяываютсяываютсяываютсяываютсяываютсяываютсяютсяываютсяываютсяываютсяютсяываютсяютсяываютсяываютсяываютсяываютсяываютсяываютсяютсяываютсяываютсяываютсяываютсяываютсяываютсяютсяываютсяываютсяываютсяываютсяываютсяываютсяютсяываютсяываютсяываютсяываютсяываютсяываютсяютсяываютсяываютсяываютсяываютсяываютсяываютсяютсяываютсяютсяываютсяываютсяываютсяываютсяываютсяываютсяютсяываютсяываютсяываютсяываютсяываютсяываютсяютсяываютсяываютсяываютсяываютсяываютсяываютсяютсяываютсяютсяываютсяываютсяываютсяываютсяываютсяываютсяютсяываютсяываютсяываютсяываютсяываютсяываютсяютсяываютсяютсяываютсяываютсяываютсяываютсяываютсяываютсяютсяываютсяютсяываютсяываютсяываютсяываютсяываютсяываютсяютсяываютсяываютсяываютсяываютсяываютсяываютсяютсяываютсяютсяываютсяываютсяываютсяываютсяываютсяываютсяютсяываютсяываютсяываютсяываютсяываютсяываютсяютсяываютсяютсяываютсяываютсяываютсяываютсяываютсяываютсяютсяываютсяютсяываютсяываютсяютсяываютсяываютсяываютсяываютсяываютсяываютсяютсяываютсяютсяываютсяываютсяываютсяютсяываютсяютсяываются", "numeric_answer": null, "relative_error": null, "thinking_text": null, "has_tool_call": false, "tool_call": null, "usage": {"prompt_tokens": 100, "completion_tokens": 256, "total_tokens": 356, "token_count_source": "tokenizer"}, "decoding": {"temperature": 0.2, "top_p": null, "top_k": null, "max_tokens": 256, "seed": 42}, "prompt_tokens": 100, "completion_tokens": 256, "total_tokens": 356, "token_count_source": "tokenizer", "diffusion_steps": null, "flops_estimate": null, "flops_arch": null, "flops_model_params": null, "flops_active_params": null, "tokens_non_final": 1, "tokens_reasoning": 0, "tokens_response": 1, "elapsed_seconds": 19.11854386329651, "judgement": "Uncategorized"}
{"id": "physics_estimate_000352", "topic": "physics_estimate", "subtopic": "fill_rate", "prompt": "A faucet fills 15 liters at about 6 liters per minute. About how many minutes does it take?", "exact_value": 2.5, "model": "tiiuae/Falcon-H1-7B-Instruct", "provider": "transformers", "response": "Finalются", "numeric_answer": null, "relative_error": null, "thinking_text": null, "has_tool_call": false, "tool_call": null, "usage": {"prompt_tokens": 100, "completion_tokens": 3, "total_tokens": 103, "token_count_source": "tokenizer"}, "decoding": {"temperature": 0.2, "top_p": null, "top_k": null, "max_tokens": 256, "seed": 42}, "prompt_tokens": 100, "completion_tokens": 3, "total_tokens": 103, "token_count_source": "tokenizer", "diffusion_steps": null, "flops_estimate": null, "flops_arch": null, "flops_model_params": null, "flops_active_params": null, "tokens_non_final": 1, "tokens_reasoning": 0, "tokens_response": 1, "elapsed_seconds": 0.27837371826171875, "judgement": "Uncategorized"}
{"id": "physics_estimate_000372", "topic": "physics_estimate", "subtopic": "fill_rate", "prompt": "A faucet fills 50 liters at about 6 liters per minute. About how many minutes does it take?", "exact_value": 8.333333333333334, "model": "tiiuae/Falcon-H1-7B-Instruct", "provider": "transformers", "response": "Finalются", "numeric_answer": null, "relative_error": null, "thinking_text": null, "has_tool_call": false, "tool_call": null, "usage": {"prompt_tokens": 100, "completion_tokens": 3, "total_tokens": 103, "token_count_source": "tokenizer"}, "decoding": {"temperature": 0.2, "top_p": null, "top_k": null, "max_tokens": 256, "seed": 42}, "prompt_tokens": 100, "completion_tokens": 3, "total_tokens": 103, "token_count_source": "tokenizer", "diffusion_steps": null, "flops_estimate": null, "flops_arch": null, "flops_model_params": null, "flops_active_params": null, "tokens_non_final": 1, "tokens_reasoning": 0, "tokens_response": 1, "elapsed_seconds": 0.25414037704467773, "judgement": "Uncategorized"}
{"id": "physics_estimate_000392", "topic": "physics_estimate", "subtopic": "fill_rate", "prompt": "A faucet fills 40 liters at about 7 liters per minute. About how many minutes does it take?", "exact_value": 5.714285714285714, "model": "tiiuae/Falcon-H1-7B-Instruct", "provider": "transformers", "response": "Finalются", "numeric_answer": null, "relative_error": null, "thinking_text": null, "has_tool_call": false, "tool_call": null, "usage": {"prompt_tokens": 100, "completion_tokens": 3, "total_tokens": 103, "token_count_source": "tokenizer"}, "decoding": {"temperature": 0.2, "top_p": null, "top_k": null, "max_tokens": 256, "seed": 42}, "prompt_tokens": 100, "completion_tokens": 3, "total_tokens": 103, "token_count_source": "tokenizer", "diffusion_steps": null, "flops_estimate": null, "flops_arch": null, "flops_model_params": null, "flops_active_params": null, "tokens_non_final": 1, "tokens_reasoning": 0, "tokens_response": 1, "elapsed_seconds": 0.27575087547302246, "judgement": "Uncategorized"}
{"id": "physics_estimate_000412", "topic": "physics_estimate", "subtopic": "fill_rate", "prompt": "A faucet fills 10 liters at about 7 liters per minute. About how many minutes does it take?", "exact_value": 1.4285714285714286, "model": "tiiuae/Falcon-H1-7B-Instruct", "provider": "transformers", "response": "Finalются", "numeric_answer": null, "relative_error": null, "thinking_text": null, "has_tool_call": false, "tool_call": null, "usage": {"prompt_tokens": 100, "completion_tokens": 3, "total_tokens": 103, "token_count_source": "tokenizer"}, "decoding": {"temperature": 0.2, "top_p": null, "top_k": null, "max_tokens": 256, "seed": 42}, "prompt_tokens": 100, "completion_tokens": 3, "total_tokens": 103, "token_count_source": "tokenizer", "diffusion_steps": null, "flops_estimate": null, "flops_arch": null, "flops_model_params": null, "flops_active_params": null, "tokens_non_final": 1, "tokens_reasoning": 0, "tokens_response": 1, "elapsed_seconds": 0.27956438064575195, "judgement": "Uncategorized"}
{"id": "physics_estimate_000432", "topic": "physics_estimate", "subtopic": "fill_rate", "prompt": "A faucet fills 30 liters at about 6 liters per minute. About how many minutes does it take?", "exact_value": 5.0, "model": "tiiuae/Falcon-H1-7B-Instruct", "provider": "transformers", "response": "Finalются", "numeric_answer": null, "relative_error": null, "thinking_text": null, "has_tool_call": false, "tool_call": null, "usage": {"prompt_tokens": 100, "completion_tokens": 3, "total_tokens": 103, "token_count_source": "tokenizer"}, "decoding": {"temperature": 0.2, "top_p": null, "top_k": null, "max_tokens": 256, "seed": 42}, "prompt_tokens": 100, "completion_tokens": 3, "total_tokens": 103, "token_count_source": "tokenizer", "diffusion_steps": null, "flops_estimate": null, "flops_arch": null, "flops_model_params": null, "flops_active_params": null, "tokens_non_final": 1, "tokens_reasoning": 0, "tokens_response": 1, "elapsed_seconds": 0.2712724208831787, "judgement": "Uncategorized"}
{"id": "physics_estimate_000452", "topic": "physics_estimate", "subtopic": "fill_rate", "prompt": "A faucet fills 10 liters at about 5 liters per minute. About how many minutes does it take?", "exact_value": 2.0, "model": "tiiuae/Falcon-H1-7B-Instruct", "provider": "transformers", "response": "Finalются", "numeric_answer": null, "relative_error": null, "thinking_text": null, "has_tool_call": false, "tool_call": null, "usage": {"prompt_tokens": 100, "completion_tokens": 3, "total_tokens": 103, "token_count_source": "tokenizer"}, "decoding": {"temperature": 0.2, "top_p": null, "top_k": null, "max_tokens": 256, "seed": 42}, "prompt_tokens": 100, "completion_tokens": 3, "total_tokens": 103, "token_count_source": "tokenizer", "diffusion_steps": null, "flops_estimate": null, "flops_arch": null, "flops_model_params": null, "flops_active_params": null, "tokens_non_final": 1, "tokens_reasoning": 0, "tokens_response": 1, "elapsed_seconds": 0.2538564205169678, "judgement": "Uncategorized"}
{"id": "physics_estimate_000472", "topic": "physics_estimate", "subtopic": "fill_rate", "prompt": "A faucet fills 30 liters at about 6 liters per minute. About how many minutes does it take?", "exact_value": 5.0, "model": "tiiuae/Falcon-H1-7B-Instruct", "provider": "transformers", "response": "Finalются", "numeric_answer": null, "relative_error": null, "thinking_text": null, "has_tool_call": false, "tool_call": null, "usage": {"prompt_tokens": 100, "completion_tokens": 3, "total_tokens": 103, "token_count_source": "tokenizer"}, "decoding": {"temperature": 0.2, "top_p": null, "top_k": null, "max_tokens": 256, "seed": 42}, "prompt_tokens": 100, "completion_tokens": 3, "total_tokens": 103, "token_count_source": "tokenizer", "diffusion_steps": null, "flops_estimate": null, "flops_arch": null, "flops_model_params": null, "flops_active_params": null, "tokens_non_final": 1, "tokens_reasoning": 0, "tokens_response": 1, "elapsed_seconds": 0.251781702041626, "judgement": "Uncategorized"}
{"id": "physics_estimate_000492", "topic": "physics_estimate", "subtopic": "fill_rate", "prompt": "A faucet fills 30 liters at about 7 liters per minute. About how many minutes does it take?", "exact_value": 4.285714285714286, "model": "tiiuae/Falcon-H1-7B-Instruct", "provider": "transformers", "response": "Finalются", "numeric_answer": null, "relative_error": null, "thinking_text": null, "has_tool_call": false, "tool_call": null, "usage": {"prompt_tokens": 100, "completion_tokens": 3, "total_tokens": 103, "token_count_source": "tokenizer"}, "decoding": {"temperature": 0.2, "top_p": null, "top_k": null, "max_tokens": 256, "seed": 42}, "prompt_tokens": 100, "completion_tokens": 3, "total_tokens": 103, "token_count_source": "tokenizer", "diffusion_steps": null, "flops_estimate": null, "flops_arch": null, "flops_model_params": null, "flops_active_params": null, "tokens_non_final": 1, "tokens_reasoning": 0, "tokens_response": 1, "elapsed_seconds": 0.2533900737762451, "judgement": "Uncategorized"}
{"id": "physics_estimate_000512", "topic": "physics_estimate", "subtopic": "fill_rate", "prompt": "A faucet fills 20 liters at about 8 liters per minute. About how many minutes does it take?", "exact_value": 2.5, "model": "tiiuae/Falcon-H1-7B-Instruct", "provider": "transformers", "response": "Finalются", "numeric_answer": null, "relative_error": null, "thinking_text": null, "has_tool_call": false, "tool_call": null, "usage": {"prompt_tokens": 100, "completion_tokens": 3, "total_tokens": 103, "token_count_source": "tokenizer"}, "decoding": {"temperature": 0.2, "top_p": null, "top_k": null, "max_tokens": 256, "seed": 42}, "prompt_tokens": 100, "completion_tokens": 3, "total_tokens": 103, "token_count_source": "tokenizer", "diffusion_steps": null, "flops_estimate": null, "flops_arch": null, "flops_model_params": null, "flops_active_params": null, "tokens_non_final": 1, "tokens_reasoning": 0, "tokens_response": 1, "elapsed_seconds": 0.26601195335388184, "judgement": "Uncategorized"}
{"id": "physics_estimate_000532", "topic": "physics_estimate", "subtopic": "fill_rate", "prompt": "A faucet fills 50 liters at about 6 liters per minute. About how many minutes does it take?", "exact_value": 8.333333333333334, "model": "tiiuae/Falcon-H1-7B-Instruct", "provider": "transformers", "response": "Finalются", "numeric_answer": null, "relative_error": null, "thinking_text": null, "has_tool_call": false, "tool_call": null, "usage": {"prompt_tokens": 100, "completion_tokens": 3, "total_tokens": 103, "token_count_source": "tokenizer"}, "decoding": {"temperature": 0.2, "top_p": null, "top_k": null, "max_tokens": 256, "seed": 42}, "prompt_tokens": 100, "completion_tokens": 3, "total_tokens": 103, "token_count_source": "tokenizer", "diffusion_steps": null, "flops_estimate": null, "flops_arch": null, "flops_model_params": null, "flops_active_params": null, "tokens_non_final": 1, "tokens_reasoning": 0, "tokens_response": 1, "elapsed_seconds": 0.26535892486572266, "judgement": "Uncategorized"}
{"id": "physics_estimate_000552", "topic": "physics_estimate", "subtopic": "fill_rate", "prompt": "A faucet fills 40 liters at about 8 liters per minute. About how many minutes does it take?", "exact_value": 5.0, "model": "tiiuae/Falcon-H1-7B-Instruct", "provider": "transformers", "response": "Finalютсяываютсяываютсяываютсяываютсяываютсяываютсяываютсяываютсяываютсяываютсяываютсяываютсяываютсяываютсяываютсяываютсяываютсяываютсяываютсяываютсяываютсяываютсяываютсяываютсяываютсяываютсяываютсяываютсяываютсяываютсяываютсяываютсяываютсяываютсяываютсяываютсяываютсяываютсяываютсяываютсяываютсяываютсяываютсяываютсяываютсяываютсяываютсяываютсяываютсяываютсяываютсяываютсяываютсяываютсяываютсяываютсяываютсяываютсяываютсяываютсяываютсяываютсяываютсяываютсяываютсяываютсяываютсяываютсяываютсяываютсяываютсяываютсяываютсяываютсяываютсяываютсяываютсяываютсяываютсяываютсяываютсяываютсяываютсяываютсяываютсяываютсяываютсяютсяываютсяываютсяываютсяываютсяываютсяываютсяываютсяываютсяываютсяываютсяываютсяываютсяываютсяываютсяываютсяываютсяываютсяываютсяываютсяываютсяываютсяываютсяываютсяываютсяываютсяываютсяываютсяываютсяываютсяываютсяываютсяываютсяываютсяываютсяываютсяываютсяываютсяываютсяываютсяываютсяываютсяываютсяываютсяываютсяываютсяываютсяываютсяываютсяываютсяываютсяываютсяываютсяываютсяываютсяываютсяываютсяываютсяываютсяываютсяываютсяываютсяываютсяываютсяываютсяываютсяываютсяываютсяываютсяываютсяываютсяываютсяываютсяываютсяываютсяываютсяываютсяываютсяываютсяываютсяываютсяываютсяываютсяываютсяываютсяываютсяываютсяываютсяываютсяываютсяываютсяываютсяываютсяываютсяываютсяываютсяываютсяываютсяываютсяываютсяываютсяываютсяываютсяываютсяываютсяываютсяываютсяываютсяываютсяываютсяываютсяываютсяываютсяываютсяываютсяываютсяываютсяываютсяываютсяываютсяываютсяываютсяываютсяываютсяываютсяываютсяываютсяываютсяываютсяываютсяываютсяываютсяываютсяываютсяываютсяываютсяываютсяываютсяываютсяываютсяываютсяываютсяываютсяываютсяываютсяываютсяываютсяываютсяываютсяываютсяываютсяываютсяываютсяываютсяываютсяываютсяываютсяываютсяываютсяываютсяываютсяываютсяываютсяываютсяываютсяываютсяываются", "numeric_answer": null, "relative_error": null, "thinking_text": null, "has_tool_call": false, "tool_call": null, "usage": {"prompt_tokens": 100, "completion_tokens": 256, "total_tokens": 356, "token_count_source": "tokenizer"}, "decoding": {"temperature": 0.2, "top_p": null, "top_k": null, "max_tokens": 256, "seed": 42}, "prompt_tokens": 100, "completion_tokens": 256, "total_tokens": 356, "token_count_source": "tokenizer", "diffusion_steps": null, "flops_estimate": null, "flops_arch": null, "flops_model_params": null, "flops_active_params": null, "tokens_non_final": 1, "tokens_reasoning": 0, "tokens_response": 1, "elapsed_seconds": 18.984178066253662, "judgement": "Uncategorized"}
{"id": "physics_estimate_000572", "topic": "physics_estimate", "subtopic": "fill_rate", "prompt": "A faucet fills 30 liters at about 8 liters per minute. About how many minutes does it take?", "exact_value": 3.75, "model": "tiiuae/Falcon-H1-7B-Instruct", "provider": "transformers", "response": "Finalются", "numeric_answer": null, "relative_error": null, "thinking_text": null, "has_tool_call": false, "tool_call": null, "usage": {"prompt_tokens": 100, "completion_tokens": 3, "total_tokens": 103, "token_count_source": "tokenizer"}, "decoding": {"temperature": 0.2, "top_p": null, "top_k": null, "max_tokens": 256, "seed": 42}, "prompt_tokens": 100, "completion_tokens": 3, "total_tokens": 103, "token_count_source": "tokenizer", "diffusion_steps": null, "flops_estimate": null, "flops_arch": null, "flops_model_params": null, "flops_active_params": null, "tokens_non_final": 1, "tokens_reasoning": 0, "tokens_response": 1, "elapsed_seconds": 0.27342820167541504, "judgement": "Uncategorized"}
{"id": "physics_estimate_000592", "topic": "physics_estimate", "subtopic": "fill_rate", "prompt": "A faucet fills 30 liters at about 6 liters per minute. About how many minutes does it take?", "exact_value": 5.0, "model": "tiiuae/Falcon-H1-7B-Instruct", "provider": "transformers", "response": "Finalются", "numeric_answer": null, "relative_error": null, "thinking_text": null, "has_tool_call": false, "tool_call": null, "usage": {"prompt_tokens": 100, "completion_tokens": 3, "total_tokens": 103, "token_count_source": "tokenizer"}, "decoding": {"temperature": 0.2, "top_p": null, "top_k": null, "max_tokens": 256, "seed": 42}, "prompt_tokens": 100, "completion_tokens": 3, "total_tokens": 103, "token_count_source": "tokenizer", "diffusion_steps": null, "flops_estimate": null, "flops_arch": null, "flops_model_params": null, "flops_active_params": null, "tokens_non_final": 1, "tokens_reasoning": 0, "tokens_response": 1, "elapsed_seconds": 0.2754228115081787, "judgement": "Uncategorized"}
{"id": "physics_estimate_000612", "topic": "physics_estimate", "subtopic": "fill_rate", "prompt": "A faucet fills 20 liters at about 6 liters per minute. About how many minutes does it take?", "exact_value": 3.3333333333333335, "model": "tiiuae/Falcon-H1-7B-Instruct", "provider": "transformers", "response": "Finalютсяываютсяываютсяываютсяываютсяываютсяываютсяываютсяываютсяываютсяываютсяываютсяываютсяываютсяываютсяываютсяываютсяываютсяютсяываютсяываютсяываютсяываютсяываютсяютсяываютсяываютсяываютсяываютсяываютсяываютсяютсяываютсяываютсяываютсяываютсяываютсяываютсяютсяываютсяываютсяываютсяываютсяываютсяываютсяютсяываютсяываютсяываютсяываютсяываютсяываютсяютсяываютсяываютсяываютсяываютсяываютсяываютсяютсяываютсяываютсяываютсяываютсяываютсяываютсяютсяываютсяываютсяываютсяываютсяываютсяываютсяютсяываютсяываютсяываютсяываютсяываютсяываютсяютсяываютсяываютсяываютсяываютсяываютсяываютсяютсяываютсяываютсяываютсяываютсяываютсяываютсяютсяываютсяываютсяываютсяываютсяываютсяываютсяютсяываютсяываютсяываютсяываютсяываютсяываютсяютсяываютсяываютсяываютсяываютсяываютсяываютсяютсяываютсяываютсяываютсяываютсяываютсяываютсяютсяываютсяываютсяываютсяываютсяываютсяываютсяютсяываютсяываютсяываютсяываютсяываютсяываютсяютсяываютсяываютсяываютсяываютсяываютсяываютсяютсяываютсяываютсяываютсяываютсяываютсяываютсяютсяываютсяываютсяываютсяываютсяываютсяываютсяютсяываютсяываютсяываютсяываютсяываютсяываютсяютсяываютсяываютсяываютсяываютсяываютсяываютсяютсяываютсяываютсяываютсяываютсяываютсяываютсяютсяываютсяываютсяываютсяываютсяываютсяываютсяютсяываютсяываютсяываютсяываютсяываютсяываютсяютсяываютсяываютсяываютсяываютсяываютсяываютсяютсяываютсяываютсяываютсяываютсяываютсяываютсяютсяываютсяываютсяываютсяываютсяываютсяываютсяютсяываютсяываютсяываютсяываютсяываютсяываютсяютсяываютсяываютсяываютсяываютсяываютсяываютсяютсяываютсяываютсяываютсяываютсяываютсяываютсяютсяываютсяютсяываютсяываютсяываютсяываютсяываютсяываютсяютсяываютсяываютсяываютсяываютсяываютсяываютсяютсяываютсяываютсяываютсяываются", "numeric_answer": null, "relative_error": null, "thinking_text": null, "has_tool_call": false, "tool_call": null, "usage": {"prompt_tokens": 100, "completion_tokens": 256, "total_tokens": 356, "token_count_source": "tokenizer"}, "decoding": {"temperature": 0.2, "top_p": null, "top_k": null, "max_tokens": 256, "seed": 42}, "prompt_tokens": 100, "completion_tokens": 256, "total_tokens": 356, "token_count_source": "tokenizer", "diffusion_steps": null, "flops_estimate": null, "flops_arch": null, "flops_model_params": null, "flops_active_params": null, "tokens_non_final": 1, "tokens_reasoning": 0, "tokens_response": 1, "elapsed_seconds": 18.768653869628906, "judgement": "Uncategorized"}
{"id": "physics_estimate_000632", "topic": "physics_estimate", "subtopic": "fill_rate", "prompt": "A faucet fills 10 liters at about 7 liters per minute. About how many minutes does it take?", "exact_value": 1.4285714285714286, "model": "tiiuae/Falcon-H1-7B-Instruct", "provider": "transformers", "response": "Finalются", "numeric_answer": null, "relative_error": null, "thinking_text": null, "has_tool_call": false, "tool_call": null, "usage": {"prompt_tokens": 100, "completion_tokens": 3, "total_tokens": 103, "token_count_source": "tokenizer"}, "decoding": {"temperature": 0.2, "top_p": null, "top_k": null, "max_tokens": 256, "seed": 42}, "prompt_tokens": 100, "completion_tokens": 3, "total_tokens": 103, "token_count_source": "tokenizer", "diffusion_steps": null, "flops_estimate": null, "flops_arch": null, "flops_model_params": null, "flops_active_params": null, "tokens_non_final": 1, "tokens_reasoning": 0, "tokens_response": 1, "elapsed_seconds": 0.31714534759521484, "judgement": "Uncategorized"}
{"id": "physics_estimate_000652", "topic": "physics_estimate", "subtopic": "fill_rate", "prompt": "A faucet fills 30 liters at about 6 liters per minute. About how many minutes does it take?", "exact_value": 5.0, "model": "tiiuae/Falcon-H1-7B-Instruct", "provider": "transformers", "response": "Finalются", "numeric_answer": null, "relative_error": null, "thinking_text": null, "has_tool_call": false, "tool_call": null, "usage": {"prompt_tokens": 100, "completion_tokens": 3, "total_tokens": 103, "token_count_source": "tokenizer"}, "decoding": {"temperature": 0.2, "top_p": null, "top_k": null, "max_tokens": 256, "seed": 42}, "prompt_tokens": 100, "completion_tokens": 3, "total_tokens": 103, "token_count_source": "tokenizer", "diffusion_steps": null, "flops_estimate": null, "flops_arch": null, "flops_model_params": null, "flops_active_params": null, "tokens_non_final": 1, "tokens_reasoning": 0, "tokens_response": 1, "elapsed_seconds": 0.26546597480773926, "judgement": "Uncategorized"}
{"id": "physics_estimate_000672", "topic": "physics_estimate", "subtopic": "fill_rate", "prompt": "A faucet fills 10 liters at about 7 liters per minute. About how many minutes does it take?", "exact_value": 1.4285714285714286, "model": "tiiuae/Falcon-H1-7B-Instruct", "provider": "transformers", "response": "Finalются", "numeric_answer": null, "relative_error": null, "thinking_text": null, "has_tool_call": false, "tool_call": null, "usage": {"prompt_tokens": 100, "completion_tokens": 3, "total_tokens": 103, "token_count_source": "tokenizer"}, "decoding": {"temperature": 0.2, "top_p": null, "top_k": null, "max_tokens": 256, "seed": 42}, "prompt_tokens": 100, "completion_tokens": 3, "total_tokens": 103, "token_count_source": "tokenizer", "diffusion_steps": null, "flops_estimate": null, "flops_arch": null, "flops_model_params": null, "flops_active_params": null, "tokens_non_final": 1, "tokens_reasoning": 0, "tokens_response": 1, "elapsed_seconds": 0.27341270446777344, "judgement": "Uncategorized"}
{"id": "physics_estimate_000692", "topic": "physics_estimate", "subtopic": "fill_rate", "prompt": "A faucet fills 50 liters at about 6 liters per minute. About how many minutes does it take?", "exact_value": 8.333333333333334, "model": "tiiuae/Falcon-H1-7B-Instruct", "provider": "transformers", "response": "Finalютсяываютсяываютсяываютсяываютсяываютсяываютсяываютсяываютсяываютсяываютсяываютсяываютсяываютсяываютсяываютсяываютсяютсяываютсяываютсяываютсяываютсяываютсяютсяываютсяываютсяываютсяываютсяываютсяываютсяютсяываютсяываютсяываютсяываютсяываютсяываютсяютсяываютсяютсяываютсяываютсяываютсяываютсяываютсяютсяываютсяываютсяываютсяываютсяываютсяываютсяютсяываютсяютсяываютсяютсяываютсяютсяываютсяываютсяютсяываютсяютсяываютсяютсяываютсяютсяываютсяютсяываютсяютсяываютсяютсяываютсяютсяываютсяютсяываютсяютсяываютсяютсяываютсяютсяываютсяютсяываютсяютсяываютсяютсяываютсяютсяываютсяютсяываютсяютсяываютсяютсяываютсяютсяываютсяютсяываютсяютсяываютсяютсяываютсяютсяываютсяютсяываютсяютсяываютсяютсяываютсяютсяываютсяютсяываютсяютсяываютсяютсяываютсяютсяываютсяютсяываютсяютсяываютсяютсяываютсяютсяываютсяютсяываютсяютсяываютсяютсяываютсяютсяываютсяютсяываютсяютсяываютсяютсяываютсяютсяываютсяютсяываютсяютсяываютсяютсяываютсяютсяываютсяютсяываютсяютсяываютсяютсяываютсяютсяываютсяютсяываютсяютсяываютсяютсяываютсяютсяываютсяютсяываютсяютсяываютсяютсяываютсяютсяываютсяютсяываютсяютсяываютсяютсяываютсяютсяываютсяютсяываютсяютсяываютсяютсяываютсяютсяываютсяютсяываютсяютсяываютсяютсяываютсяютсяываютсяютсяываютсяютсяываютсяютсяываютсяютсяываютсяютсяываютсяютсяываютсяютсяываютсяютсяываютсяютсяываютсяютсяываютсяютсяываютсяютсяываютсяютсяываютсяютсяываютсяютсяываютсяютсяываютсяютсяываютсяютсяываютсяютсяываютсяютсяываютсяютсяываютсяютсяываютсяютсяываютсяютсяываютсяютсяываются", "numeric_answer": null, "relative_error": null, "thinking_text": null, "has_tool_call": false, "tool_call": null, "usage": {"prompt_tokens": 100, "completion_tokens": 256, "total_tokens": 356, "token_count_source": "tokenizer"}, "decoding": {"temperature": 0.2, "top_p": null, "top_k": null, "max_tokens": 256, "seed": 42}, "prompt_tokens": 100, "completion_tokens": 256, "total_tokens": 356, "token_count_source": "tokenizer", "diffusion_steps": null, "flops_estimate": null, "flops_arch": null, "flops_model_params": null, "flops_active_params": null, "tokens_non_final": 1, "tokens_reasoning": 0, "tokens_response": 1, "elapsed_seconds": 18.945257663726807, "judgement": "Uncategorized"}
{"id": "physics_estimate_000712", "topic": "physics_estimate", "subtopic": "fill_rate", "prompt": "A faucet fills 15 liters at about 7 liters per minute. About how many minutes does it take?", "exact_value": 2.142857142857143, "model": "tiiuae/Falcon-H1-7B-Instruct", "provider": "transformers", "response": "Finalются", "numeric_answer": null, "relative_error": null, "thinking_text": null, "has_tool_call": false, "tool_call": null, "usage": {"prompt_tokens": 100, "completion_tokens": 3, "total_tokens": 103, "token_count_source": "tokenizer"}, "decoding": {"temperature": 0.2, "top_p": null, "top_k": null, "max_tokens": 256, "seed": 42}, "prompt_tokens": 100, "completion_tokens": 3, "total_tokens": 103, "token_count_source": "tokenizer", "diffusion_steps": null, "flops_estimate": null, "flops_arch": null, "flops_model_params": null, "flops_active_params": null, "tokens_non_final": 1, "tokens_reasoning": 0, "tokens_response": 1, "elapsed_seconds": 0.25562429428100586, "judgement": "Uncategorized"}
{"id": "physics_estimate_000732", "topic": "physics_estimate", "subtopic": "fill_rate", "prompt": "A faucet fills 30 liters at about 7 liters per minute. About how many minutes does it take?", "exact_value": 4.285714285714286, "model": "tiiuae/Falcon-H1-7B-Instruct", "provider": "transformers", "response": "Finalются", "numeric_answer": null, "relative_error": null, "thinking_text": null, "has_tool_call": false, "tool_call": null, "usage": {"prompt_tokens": 100, "completion_tokens": 3, "total_tokens": 103, "token_count_source": "tokenizer"}, "decoding": {"temperature": 0.2, "top_p": null, "top_k": null, "max_tokens": 256, "seed": 42}, "prompt_tokens": 100, "completion_tokens": 3, "total_tokens": 103, "token_count_source": "tokenizer", "diffusion_steps": null, "flops_estimate": null, "flops_arch": null, "flops_model_params": null, "flops_active_params": null, "tokens_non_final": 1, "tokens_reasoning": 0, "tokens_response": 1, "elapsed_seconds": 0.2521662712097168, "judgement": "Uncategorized"}
{"id": "physics_estimate_000752", "topic": "physics_estimate", "subtopic": "fill_rate", "prompt": "A faucet fills 15 liters at about 7 liters per minute. About how many minutes does it take?", "exact_value": 2.142857142857143, "model": "tiiuae/Falcon-H1-7B-Instruct", "provider": "transformers", "response": "Finalутся", "numeric_answer": null, "relative_error": null, "thinking_text": null, "has_tool_call": false, "tool_call": null, "usage": {"prompt_tokens": 100, "completion_tokens": 3, "total_tokens": 103, "token_count_source": "tokenizer"}, "decoding": {"temperature": 0.2, "top_p": null, "top_k": null, "max_tokens": 256, "seed": 42}, "prompt_tokens": 100, "completion_tokens": 3, "total_tokens": 103, "token_count_source": "tokenizer", "diffusion_steps": null, "flops_estimate": null, "flops_arch": null, "flops_model_params": null, "flops_active_params": null, "tokens_non_final": 1, "tokens_reasoning": 0, "tokens_response": 1, "elapsed_seconds": 0.2640995979309082, "judgement": "Uncategorized"}
{"id": "physics_estimate_000772", "topic": "physics_estimate", "subtopic": "fill_rate", "prompt": "A faucet fills 20 liters at about 6 liters per minute. About how many minutes does it take?", "exact_value": 3.3333333333333335, "model": "tiiuae/Falcon-H1-7B-Instruct", "provider": "transformers", "response": "Finalютсяываютсяываютсяываютсяываютсяываютсяываютсяываютсяываютсяываютсяываютсяываютсяываютсяываютсяываютсяываютсяываютсяываютсяютсяываютсяываютсяываютсяываютсяываютсяютсяываютсяываютсяываютсяываютсяываютсяываютсяютсяываютсяываютсяываютсяываютсяываютсяываютсяютсяываютсяываютсяываютсяываютсяываютсяываютсяютсяываютсяываютсяываютсяываютсяываютсяываютсяютсяываютсяываютсяываютсяываютсяываютсяываютсяютсяываютсяываютсяываютсяываютсяываютсяываютсяютсяываютсяываютсяываютсяываютсяываютсяываютсяютсяываютсяываютсяываютсяываютсяываютсяываютсяютсяываютсяываютсяываютсяываютсяываютсяываютсяютсяываютсяываютсяываютсяываютсяываютсяываютсяютсяываютсяываютсяываютсяываютсяываютсяываютсяютсяываютсяываютсяываютсяываютсяываютсяываютсяютсяываютсяываютсяываютсяываютсяываютсяываютсяютсяываютсяываютсяываютсяываютсяываютсяываютсяютсяываютсяываютсяываютсяываютсяываютсяываютсяютсяываютсяываютсяываютсяываютсяываютсяываютсяютсяываютсяываютсяываютсяываютсяываютсяываютсяютсяываютсяываютсяываютсяываютсяываютсяываютсяютсяываютсяываютсяываютсяываютсяываютсяываютсяютсяываютсяываютсяываютсяываютсяываютсяываютсяютсяываютсяываютсяываютсяываютсяываютсяываютсяютсяываютсяываютсяываютсяываютсяываютсяываютсяютсяываютсяываютсяываютсяываютсяываютсяываютсяютсяываютсяываютсяываютсяываютсяываютсяываютсяютсяываютсяываютсяываютсяываютсяываютсяываютсяютсяываютсяываютсяываютсяываютсяываютсяываютсяютсяываютсяываютсяываютсяываютсяываютсяываютсяютсяываютсяываютсяываютсяываютсяываютсяываютсяютсяываютсяываютсяываютсяываютсяываютсяываютсяютсяываютсяываютсяываютсяываютсяываютсяываютсяютсяываютсяываютсяываютсяываютсяываютсяываютсяютсяываютсяываютсяываютсяываютсяываютсяываютсяютсяываютсяываютсяываютсяываютсяываютсяываются", "numeric_answer": null, "relative_error": null, "thinking_text": null, "has_tool_call": false, "tool_call": null, "usage": {"prompt_tokens": 100, "completion_tokens": 256, "total_tokens": 356, "token_count_source": "tokenizer"}, "decoding": {"temperature": 0.2, "top_p": null, "top_k": null, "max_tokens": 256, "seed": 42}, "prompt_tokens": 100, "completion_tokens": 256, "total_tokens": 356, "token_count_source": "tokenizer", "diffusion_steps": null, "flops_estimate": null, "flops_arch": null, "flops_model_params": null, "flops_active_params": null, "tokens_non_final": 1, "tokens_reasoning": 0, "tokens_response": 1, "elapsed_seconds": 18.74942183494568, "judgement": "Uncategorized"}
{"id": "physics_estimate_000792", "topic": "physics_estimate", "subtopic": "fill_rate", "prompt": "A faucet fills 15 liters at about 5 liters per minute. About how many minutes does it take?", "exact_value": 3.0, "model": "tiiuae/Falcon-H1-7B-Instruct", "provider": "transformers", "response": "Finalютсяываютсяываютсяываютсяываютсяываютсяываютсяываютсяываютсяываютсяываютсяываютсяываютсяываютсяываютсяываютсяываютсяываютсяютсяываютсяываютсяываютсяываютсяываютсяываютсяываютсяываютсяываютсяываютсяываютсяываютсяываютсяываютсяываютсяываютсяываютсяютсяываютсяываютсяываютсяываютсяываютсяываютсяютсяываютсяываютсяываютсяываютсяываютсяываютсяываютсяютсяываютсяываютсяываютсяываютсяываютсяываютсяываютсяываютсяываютсяываютсяываютсяываютсяываютсяываютсяываютсяываютсяываютсяываютсяываютсяютсяываютсяываютсяываютсяываютсяываютсяываютсяываютсяываютсяываютсяываютсяываютсяываютсяываютсяываютсяываютсяываютсяываютсяываютсяываютсяываютсяываютсяываютсяываютсяываютсяываютсяываютсяываютсяываютсяываютсяываютсяываютсяываютсяываютсяываютсяываютсяываютсяываютсяываютсяываютсяываютсяываютсяываютсяываютсяываютсяываютсяываютсяываютсяываютсяываютсяываютсяываютсяываютсяываютсяываютсяываютсяываютсяываютсяываютсяываютсяываютсяываютсяываютсяываютсяываютсяываютсяываютсяываютсяываютсяываютсяываютсяываютсяываютсяываютсяываютсяываютсяываютсяываютсяываютсяываютсяываютсяываютсяываютсяываютсяываютсяываютсяываютсяываютсяываютсяываютсяываютсяываютсяываютсяываютсяываютсяываютсяываютсяываютсяываютсяываютсяываютсяываютсяываютсяываютсяываютсяываютсяываютсяываютсяываютсяываютсяываютсяываютсяываютсяываютсяываютсяываютсяываютсяываютсяываютсяываютсяываютсяываютсяываютсяываютсяываютсяываютсяываютсяываютсяываютсяываютсяываютсяываютсяываютсяываютсяываютсяываютсяываютсяываютсяываютсяываютсяываютсяываютсяываютсяываютсяываютсяываютсяываютсяываютсяываютсяываютсяываютсяываютсяютсяываютсяываютсяываютсяываютсяываютсяываютсяываютсяываютсяываютсяываютсяываютсяываютсяываютсяываютсяываютсяываютсяываютсяываютсяываютсяываютсяываютсяываютсяываютсяываютсяютсяываютсяываютсяываютсяываютсяываютсяываются", "numeric_answer": null, "relative_error": null, "thinking_text": null, "has_tool_call": false, "tool_call": null, "usage": {"prompt_tokens": 100, "completion_tokens": 256, "total_tokens": 356, "token_count_source": "tokenizer"}, "decoding": {"temperature": 0.2, "top_p": null, "top_k": null, "max_tokens": 256, "seed": 42}, "prompt_tokens": 100, "completion_tokens": 256, "total_tokens": 356, "token_count_source": "tokenizer", "diffusion_steps": null, "flops_estimate": null, "flops_arch": null, "flops_model_params": null, "flops_active_params": null, "tokens_non_final": 1, "tokens_reasoning": 0, "tokens_response": 1, "elapsed_seconds": 18.686397314071655, "judgement": "Uncategorized"}
{"id": "physics_estimate_000812", "topic": "physics_estimate", "subtopic": "fill_rate", "prompt": "A faucet fills 40 liters at about 7 liters per minute. About how many minutes does it take?", "exact_value": 5.714285714285714, "model": "tiiuae/Falcon-H1-7B-Instruct", "provider": "transformers", "response": "Finalются", "numeric_answer": null, "relative_error": null, "thinking_text": null, "has_tool_call": false, "tool_call": null, "usage": {"prompt_tokens": 100, "completion_tokens": 3, "total_tokens": 103, "token_count_source": "tokenizer"}, "decoding": {"temperature": 0.2, "top_p": null, "top_k": null, "max_tokens": 256, "seed": 42}, "prompt_tokens": 100, "completion_tokens": 3, "total_tokens": 103, "token_count_source": "tokenizer", "diffusion_steps": null, "flops_estimate": null, "flops_arch": null, "flops_model_params": null, "flops_active_params": null, "tokens_non_final": 1, "tokens_reasoning": 0, "tokens_response": 1, "elapsed_seconds": 0.25147390365600586, "judgement": "Uncategorized"}
{"id": "physics_estimate_000832", "topic": "physics_estimate", "subtopic": "fill_rate", "prompt": "A faucet fills 15 liters at about 4 liters per minute. About how many minutes does it take?", "exact_value": 3.75, "model": "tiiuae/Falcon-H1-7B-Instruct", "provider": "transformers", "response": "Finalютсяываютсяываютсяываютсяываютсяываютсяываютсяываютсяываютсяываютсяываютсяываютсяываютсяываютсяываютсяываютсяываютсяываютсяютсяываютсяываютсяываютсяываютсяываютсяютсяываютсяываютсяываютсяываютсяываютсяываютсяываютсяываютсяываютсяываютсяютсяываютсяываютсяываютсяываютсяываютсяываютсяютсяываютсяываютсяываютсяываютсяываютсяываютсяываютсяютсяываютсяываютсяываютсяываютсяываютсяываютсяываютсяываютсяываютсяываютсяываютсяываютсяываютсяываютсяываютсяываютсяываютсяываютсяываютсяываютсяываютсяываютсяываютсяываютсяываютсяываютсяываютсяываютсяываютсяываютсяываютсяываютсяываютсяываютсяываютсяываютсяываютсяываютсяываютсяываютсяываютсяываютсяываютсяываютсяываютсяываютсяываютсяываютсяываютсяываютсяываютсяываютсяываютсяываютсяываютсяываютсяываютсяываютсяываютсяываютсяываютсяываютсяываютсяываютсяываютсяываютсяываютсяываютсяываютсяываютсяютсяываютсяываютсяываютсяываютсяываютсяываютсяываютсяываютсяываютсяываютсяываютсяываютсяываютсяываютсяываютсяываютсяываютсяываютсяываютсяываютсяываютсяываютсяываютсяываютсяываютсяываютсяываютсяываютсяываютсяываютсяываютсяываютсяываютсяываютсяываютсяываютсяываютсяываютсяываютсяываютсяываютсяываютсяываютсяываютсяываютсяываютсяываютсяываютсяываютсяываютсяываютсяываютсяываютсяываютсяываютсяываютсяываютсяываютсяываютсяываютсяываютсяываютсяываютсяываютсяываютсяываютсяываютсяываютсяываютсяываютсяываютсяываютсяываютсяываютсяываютсяываютсяываютсяываютсяываютсяываютсяываютсяываютсяываютсяываютсяываютсяываютсяываютсяываютсяываютсяываютсяываютсяываютсяываютсяываютсяываютсяываютсяываютсяываютсяываютсяываютсяываютсяываютсяываютсяываютсяываютсяываютсяываютсяываютсяываютсяываютсяываютсяываютсяываютсяываютсяываютсяываютсяываютсяываютсяываютсяываютсяываютсяываютсяываютсяываютсяываютсяываютсяываютсяываютсяываютсяываютсяываютсяываютсяываются", "numeric_answer": null, "relative_error": null, "thinking_text": null, "has_tool_call": false, "tool_call": null, "usage": {"prompt_tokens": 100, "completion_tokens": 256, "total_tokens": 356, "token_count_source": "tokenizer"}, "decoding": {"temperature": 0.2, "top_p": null, "top_k": null, "max_tokens": 256, "seed": 42}, "prompt_tokens": 100, "completion_tokens": 256, "total_tokens": 356, "token_count_source": "tokenizer", "diffusion_steps": null, "flops_estimate": null, "flops_arch": null, "flops_model_params": null, "flops_active_params": null, "tokens_non_final": 1, "tokens_reasoning": 0, "tokens_response": 1, "elapsed_seconds": 18.638463973999023, "judgement": "Uncategorized"}
{"id": "physics_estimate_000852", "topic": "physics_estimate", "subtopic": "fill_rate", "prompt": "A faucet fills 10 liters at about 6 liters per minute. About how many minutes does it take?", "exact_value": 1.6666666666666667, "model": "tiiuae/Falcon-H1-7B-Instruct", "provider": "transformers", "response": "Finalются", "numeric_answer": null, "relative_error": null, "thinking_text": null, "has_tool_call": false, "tool_call": null, "usage": {"prompt_tokens": 100, "completion_tokens": 3, "total_tokens": 103, "token_count_source": "tokenizer"}, "decoding": {"temperature": 0.2, "top_p": null, "top_k": null, "max_tokens": 256, "seed": 42}, "prompt_tokens": 100, "completion_tokens": 3, "total_tokens": 103, "token_count_source": "tokenizer", "diffusion_steps": null, "flops_estimate": null, "flops_arch": null, "flops_model_params": null, "flops_active_params": null, "tokens_non_final": 1, "tokens_reasoning": 0, "tokens_response": 1, "elapsed_seconds": 0.25510692596435547, "judgement": "Uncategorized"}
{"id": "physics_estimate_000872", "topic": "physics_estimate", "subtopic": "fill_rate", "prompt": "A faucet fills 30 liters at about 7 liters per minute. About how many minutes does it take?", "exact_value": 4.285714285714286, "model": "tiiuae/Falcon-H1-7B-Instruct", "provider": "transformers", "response": "Finalются", "numeric_answer": null, "relative_error": null, "thinking_text": null, "has_tool_call": false, "tool_call": null, "usage": {"prompt_tokens": 100, "completion_tokens": 3, "total_tokens": 103, "token_count_source": "tokenizer"}, "decoding": {"temperature": 0.2, "top_p": null, "top_k": null, "max_tokens": 256, "seed": 42}, "prompt_tokens": 100, "completion_tokens": 3, "total_tokens": 103, "token_count_source": "tokenizer", "diffusion_steps": null, "flops_estimate": null, "flops_arch": null, "flops_model_params": null, "flops_active_params": null, "tokens_non_final": 1, "tokens_reasoning": 0, "tokens_response": 1, "elapsed_seconds": 0.25031590461730957, "judgement": "Uncategorized"}
{"id": "physics_estimate_000892", "topic": "physics_estimate", "subtopic": "fill_rate", "prompt": "A faucet fills 15 liters at about 4 liters per minute. About how many minutes does it take?", "exact_value": 3.75, "model": "tiiuae/Falcon-H1-7B-Instruct", "provider": "transformers", "response": "Finalютсяываютсяываютсяываютсяываютсяываютсяываютсяываютсяываютсяываютсяываютсяываютсяываютсяываютсяываютсяываютсяываютсяываютсяютсяываютсяываютсяываютсяываютсяываютсяютсяываютсяываютсяываютсяываютсяываютсяываютсяютсяываютсяываютсяываютсяываютсяываютсяываютсяютсяываютсяываютсяываютсяываютсяываютсяываютсяютсяываютсяываютсяываютсяываютсяываютсяываютсяютсяываютсяываютсяываютсяываютсяываютсяываютсяютсяываютсяываютсяываютсяываютсяываютсяываютсяютсяываютсяываютсяываютсяываютсяываютсяываютсяютсяываютсяываютсяываютсяываютсяываютсяываютсяютсяываютсяютсяываютсяываютсяываютсяываютсяываютсяываютсяютсяываютсяываютсяываютсяываютсяываютсяываютсяютсяываютсяываютсяываютсяываютсяываютсяываютсяютсяываютсяываютсяютсяываютсяываютсяютсяываютсяываютсяываютсяываютсяываютсяываютсяютсяываютсяываютсяываютсяываютсяываютсяываютсяютсяываютсяываютсяываютсяютсяываютсяютсяываютсяываютсяываютсяютсяываютсяютсяываютсяываютсяываютсяываютсяываютсяываютсяютсяываютсяываютсяываютсяываютсяываютсяываютсяютсяываютсяываютсяываютсяываютсяываютсяываютсяютсяываютсяываютсяываютсяываютсяываютсяываютсяютсяываютсяываютсяываютсяываютсяываютсяываютсяютсяываютсяываютсяываютсяываютсяываютсяываютсяютсяываютсяываютсяываютсяютсяываютсяютсяываютсяываютсяываютсяютсяываютсяютсяываютсяываютсяываютсяютсяываютсяютсяываютсяываютсяываютсяютсяываютсяютсяываютсяываютсяываютсяютсяываютсяютсяываютсяываютсяютсяываютсяютсяываютсяютсяываютсяываютсяываютсяываютсяываютсяываютсяютсяываютсяываютсяываютсяываютсяываютсяываютсяютсяываютсяываютсяываютсяываютсяываютсяываютсяютсяываютсяываютсяываютсяываютсяываютсяываютсяютсяываютсяываютсяываютсяываютсяываютсяываютсяютсяываютсяываютсяываютсяютсяываются", "numeric_answer": null, "relative_error": null, "thinking_text": null, "has_tool_call": false, "tool_call": null, "usage": {"prompt_tokens": 100, "completion_tokens": 256, "total_tokens": 356, "token_count_source": "tokenizer"}, "decoding": {"temperature": 0.2, "top_p": null, "top_k": null, "max_tokens": 256, "seed": 42}, "prompt_tokens": 100, "completion_tokens": 256, "total_tokens": 356, "token_count_source": "tokenizer", "diffusion_steps": null, "flops_estimate": null, "flops_arch": null, "flops_model_params": null, "flops_active_params": null, "tokens_non_final": 1, "tokens_reasoning": 0, "tokens_response": 1, "elapsed_seconds": 18.5813045501709, "judgement": "Uncategorized"}
{"id": "physics_estimate_000912", "topic": "physics_estimate", "subtopic": "fill_rate", "prompt": "A faucet fills 30 liters at about 8 liters per minute. About how many minutes does it take?", "exact_value": 3.75, "model": "tiiuae/Falcon-H1-7B-Instruct", "provider": "transformers", "response": "Finalются", "numeric_answer": null, "relative_error": null, "thinking_text": null, "has_tool_call": false, "tool_call": null, "usage": {"prompt_tokens": 100, "completion_tokens": 3, "total_tokens": 103, "token_count_source": "tokenizer"}, "decoding": {"temperature": 0.2, "top_p": null, "top_k": null, "max_tokens": 256, "seed": 42}, "prompt_tokens": 100, "completion_tokens": 3, "total_tokens": 103, "token_count_source": "tokenizer", "diffusion_steps": null, "flops_estimate": null, "flops_arch": null, "flops_model_params": null, "flops_active_params": null, "tokens_non_final": 1, "tokens_reasoning": 0, "tokens_response": 1, "elapsed_seconds": 0.27019214630126953, "judgement": "Uncategorized"}
{"id": "physics_estimate_000932", "topic": "physics_estimate", "subtopic": "fill_rate", "prompt": "A faucet fills 30 liters at about 6 liters per minute. About how many minutes does it take?", "exact_value": 5.0, "model": "tiiuae/Falcon-H1-7B-Instruct", "provider": "transformers", "response": "Finalются", "numeric_answer": null, "relative_error": null, "thinking_text": null, "has_tool_call": false, "tool_call": null, "usage": {"prompt_tokens": 100, "completion_tokens": 3, "total_tokens": 103, "token_count_source": "tokenizer"}, "decoding": {"temperature": 0.2, "top_p": null, "top_k": null, "max_tokens": 256, "seed": 42}, "prompt_tokens": 100, "completion_tokens": 3, "total_tokens": 103, "token_count_source": "tokenizer", "diffusion_steps": null, "flops_estimate": null, "flops_arch": null, "flops_model_params": null, "flops_active_params": null, "tokens_non_final": 1, "tokens_reasoning": 0, "tokens_response": 1, "elapsed_seconds": 0.24971389770507812, "judgement": "Uncategorized"}
{"id": "physics_estimate_000952", "topic": "physics_estimate", "subtopic": "fill_rate", "prompt": "A faucet fills 40 liters at about 6 liters per minute. About how many minutes does it take?", "exact_value": 6.666666666666667, "model": "tiiuae/Falcon-H1-7B-Instruct", "provider": "transformers", "response": "Finalются", "numeric_answer": null, "relative_error": null, "thinking_text": null, "has_tool_call": false, "tool_call": null, "usage": {"prompt_tokens": 100, "completion_tokens": 3, "total_tokens": 103, "token_count_source": "tokenizer"}, "decoding": {"temperature": 0.2, "top_p": null, "top_k": null, "max_tokens": 256, "seed": 42}, "prompt_tokens": 100, "completion_tokens": 3, "total_tokens": 103, "token_count_source": "tokenizer", "diffusion_steps": null, "flops_estimate": null, "flops_arch": null, "flops_model_params": null, "flops_active_params": null, "tokens_non_final": 1, "tokens_reasoning": 0, "tokens_response": 1, "elapsed_seconds": 0.25081968307495117, "judgement": "Uncategorized"}
{"id": "physics_estimate_000972", "topic": "physics_estimate", "subtopic": "fill_rate", "prompt": "A faucet fills 10 liters at about 8 liters per minute. About how many minutes does it take?", "exact_value": 1.25, "model": "tiiuae/Falcon-H1-7B-Instruct", "provider": "transformers", "response": "Finalются", "numeric_answer": null, "relative_error": null, "thinking_text": null, "has_tool_call": false, "tool_call": null, "usage": {"prompt_tokens": 100, "completion_tokens": 3, "total_tokens": 103, "token_count_source": "tokenizer"}, "decoding": {"temperature": 0.2, "top_p": null, "top_k": null, "max_tokens": 256, "seed": 42}, "prompt_tokens": 100, "completion_tokens": 3, "total_tokens": 103, "token_count_source": "tokenizer", "diffusion_steps": null, "flops_estimate": null, "flops_arch": null, "flops_model_params": null, "flops_active_params": null, "tokens_non_final": 1, "tokens_reasoning": 0, "tokens_response": 1, "elapsed_seconds": 0.2505927085876465, "judgement": "Uncategorized"}
{"id": "physics_estimate_000992", "topic": "physics_estimate", "subtopic": "fill_rate", "prompt": "A faucet fills 20 liters at about 4 liters per minute. About how many minutes does it take?", "exact_value": 5.0, "model": "tiiuae/Falcon-H1-7B-Instruct", "provider": "transformers", "response": "Finalются", "numeric_answer": null, "relative_error": null, "thinking_text": null, "has_tool_call": false, "tool_call": null, "usage": {"prompt_tokens": 100, "completion_tokens": 3, "total_tokens": 103, "token_count_source": "tokenizer"}, "decoding": {"temperature": 0.2, "top_p": null, "top_k": null, "max_tokens": 256, "seed": 42}, "prompt_tokens": 100, "completion_tokens": 3, "total_tokens": 103, "token_count_source": "tokenizer", "diffusion_steps": null, "flops_estimate": null, "flops_arch": null, "flops_model_params": null, "flops_active_params": null, "tokens_non_final": 1, "tokens_reasoning": 0, "tokens_response": 1, "elapsed_seconds": 0.25029754638671875, "judgement": "Uncategorized"}
{"id": "physics_estimate_001012", "topic": "physics_estimate", "subtopic": "fill_rate", "prompt": "A faucet fills 10 liters at about 6 liters per minute. About how many minutes does it take?", "exact_value": 1.6666666666666667, "model": "tiiuae/Falcon-H1-7B-Instruct", "provider": "transformers", "response": "Finalются", "numeric_answer": null, "relative_error": null, "thinking_text": null, "has_tool_call": false, "tool_call": null, "usage": {"prompt_tokens": 100, "completion_tokens": 3, "total_tokens": 103, "token_count_source": "tokenizer"}, "decoding": {"temperature": 0.2, "top_p": null, "top_k": null, "max_tokens": 256, "seed": 42}, "prompt_tokens": 100, "completion_tokens": 3, "total_tokens": 103, "token_count_source": "tokenizer", "diffusion_steps": null, "flops_estimate": null, "flops_arch": null, "flops_model_params": null, "flops_active_params": null, "tokens_non_final": 1, "tokens_reasoning": 0, "tokens_response": 1, "elapsed_seconds": 0.25100231170654297, "judgement": "Uncategorized"}
{"id": "physics_estimate_001032", "topic": "physics_estimate", "subtopic": "fill_rate", "prompt": "A faucet fills 30 liters at about 6 liters per minute. About how many minutes does it take?", "exact_value": 5.0, "model": "tiiuae/Falcon-H1-7B-Instruct", "provider": "transformers", "response": "Finalютсяываютсяываютсяываютсяываютсяываютсяываютсяываютсяываютсяываютсяываютсяываютсяываютсяываютсяываютсяываютсяываютсяываютсяютсяываютсяываютсяываютсяываютсяываютсяываютсяываютсяываютсяываютсяываютсяываютсяываютсяываютсяываютсяываютсяываютсяываютсяываютсяютсяываютсяываютсяываютсяываютсяываютсяываютсяываютсяываютсяываютсяютсяываютсяываютсяютсяываютсяываютсяываютсяываютсяываютсяываютсяютсяываютсяютсяываютсяываютсяываютсяываютсяываютсяываютсяютсяываютсяютсяываютсяютсяываютсяываютсяываютсяываютсяываютсяываютсяютсяываютсяютсяываютсяютсяываютсяываютсяютсяываютсяютсяываютсяютсяываютсяютсяываютсяютсяываютсяютсяываютсяютсяываютсяютсяываютсяютсяываютсяютсяываютсяютсяываютсяютсяываютсяютсяываютсяютсяываютсяютсяываютсяютсяываютсяютсяываютсяютсяываютсяютсяываютсяютсяываютсяютсяываютсяютсяываютсяютсяываютсяютсяываютсяютсяываютсяютсяываютсяютсяываютсяютсяываютсяютсяываютсяютсяываютсяютсяываютсяютсяываютсяютсяываютсяютсяываютсяютсяываютсяютсяываютсяютсяываютсяютсяываютсяютсяываютсяютсяываютсяютсяываютсяютсяываютсяютсяываютсяютсяываютсяютсяываютсяютсяываютсяютсяываютсяютсяываютсяютсяываютсяютсяываютсяютсяываютсяютсяываютсяютсяываютсяютсяываютсяютсяываютсяютсяываютсяютсяываютсяютсяываютсяютсяываютсяютсяываютсяютсяываютсяютсяываютсяютсяываютсяютсяываютсяютсяываютсяютсяываютсяютсяываютсяютсяываютсяютсяываютсяютсяываютсяютсяываютсяютсяываютсяютсяываютсяютсяываютсяютсяываютсяютсяываютсяютсяываютсяютсяываютсяютсяываютсяютсяываютсяютсяываютсяютсяываютсяютсяываютсяютсяываютсяютсяываютсяются", "numeric_answer": null, "relative_error": null, "thinking_text": null, "has_tool_call": false, "tool_call": null, "usage": {"prompt_tokens": 100, "completion_tokens": 256, "total_tokens": 356, "token_count_source": "tokenizer"}, "decoding": {"temperature": 0.2, "top_p": null, "top_k": null, "max_tokens": 256, "seed": 42}, "prompt_tokens": 100, "completion_tokens": 256, "total_tokens": 356, "token_count_source": "tokenizer", "diffusion_steps": null, "flops_estimate": null, "flops_arch": null, "flops_model_params": null, "flops_active_params": null, "tokens_non_final": 1, "tokens_reasoning": 0, "tokens_response": 1, "elapsed_seconds": 18.66073489189148, "judgement": "Uncategorized"}
{"id": "physics_estimate_001052", "topic": "physics_estimate", "subtopic": "fill_rate", "prompt": "A faucet fills 10 liters at about 5 liters per minute. About how many minutes does it take?", "exact_value": 2.0, "model": "tiiuae/Falcon-H1-7B-Instruct", "provider": "transformers", "response": "Finalются", "numeric_answer": null, "relative_error": null, "thinking_text": null, "has_tool_call": false, "tool_call": null, "usage": {"prompt_tokens": 100, "completion_tokens": 3, "total_tokens": 103, "token_count_source": "tokenizer"}, "decoding": {"temperature": 0.2, "top_p": null, "top_k": null, "max_tokens": 256, "seed": 42}, "prompt_tokens": 100, "completion_tokens": 3, "total_tokens": 103, "token_count_source": "tokenizer", "diffusion_steps": null, "flops_estimate": null, "flops_arch": null, "flops_model_params": null, "flops_active_params": null, "tokens_non_final": 1, "tokens_reasoning": 0, "tokens_response": 1, "elapsed_seconds": 0.27609992027282715, "judgement": "Uncategorized"}
{"summary": {"samples": 500, "judgement_counts": {"Uncategorized": 490, "Way off": 4, "Mildly off": 6}, "count_good_approximation": 0, "count_exact_math": 0, "count_mildly_off": 6, "count_way_off": 4, "good_approximation_rate": 0.0, "exact_math_rate": 0.0, "good_approximation_rate_ci_95": [0.0, 0.007624618530903363], "exact_math_rate_ci_95": [0.0, 0.007624618530903363], "counts_by_topic": {"basket_sum": {"n": 86, "count_good_approximation": 0, "count_exact_math": 0, "count_mildly_off": 0, "count_way_off": 0}, "discounts": {"n": 85, "count_good_approximation": 0, "count_exact_math": 0, "count_mildly_off": 6, "count_way_off": 4}, "taxes": {"n": 61, "count_good_approximation": 0, "count_exact_math": 0, "count_mildly_off": 0, "count_way_off": 0}, "units": {"n": 61, "count_good_approximation": 0, "count_exact_math": 0, "count_mildly_off": 0, "count_way_off": 0}, "tips": {"n": 61, "count_good_approximation": 0, "count_exact_math": 0, "count_mildly_off": 0, "count_way_off": 0}, "fermi": {"n": 49, "count_good_approximation": 0, "count_exact_math": 0, "count_mildly_off": 0, "count_way_off": 0}, "travel_time": {"n": 49, "count_good_approximation": 0, "count_exact_math": 0, "count_mildly_off": 0, "count_way_off": 0}, "physics_estimate": {"n": 48, "count_good_approximation": 0, "count_exact_math": 0, "count_mildly_off": 0, "count_way_off": 0}}, "counts_by_subtopic": {"decimal_prices": {"n": 86, "count_good_approximation": 0, "count_exact_math": 0, "count_mildly_off": 0, "count_way_off": 0}, "buy_n_get_m": {"n": 14, "count_good_approximation": 0, "count_exact_math": 0, "count_mildly_off": 0, "count_way_off": 0}, "threshold": {"n": 22, "count_good_approximation": 0, "count_exact_math": 0, "count_mildly_off": 6, "count_way_off": 4}, "percent": {"n": 16, "count_good_approximation": 0, "count_exact_math": 0, "count_mildly_off": 0, "count_way_off": 0}, "stacked": {"n": 18, "count_good_approximation": 0, "count_exact_math": 0, "count_mildly_off": 0, "count_way_off": 0}, "bogo": {"n": 15, "count_good_approximation": 0, "count_exact_math": 0, "count_mildly_off": 0, "count_way_off": 0}, "pre_discount_tax": {"n": 25, "count_good_approximation": 0, "count_exact_math": 0, "count_mildly_off": 0, "count_way_off": 0}, "post_discount_tax": {"n": 36, "count_good_approximation": 0, "count_exact_math": 0, "count_mildly_off": 0, "count_way_off": 0}, "kg_g": {"n": 31, "count_good_approximation": 0, "count_exact_math": 0, "count_mildly_off": 0, "count_way_off": 0}, "lb_oz": {"n": 30, "count_good_approximation": 0, "count_exact_math": 0, "count_mildly_off": 0, "count_way_off": 0}, "tips_service": {"n": 61, "count_good_approximation": 0, "count_exact_math": 0, "count_mildly_off": 0, "count_way_off": 0}, "crowd_density": {"n": 49, "count_good_approximation": 0, "count_exact_math": 0, "count_mildly_off": 0, "count_way_off": 0}, "drive_time": {"n": 49, "count_good_approximation": 0, "count_exact_math": 0, "count_mildly_off": 0, "count_way_off": 0}, "fill_rate": {"n": 48, "count_good_approximation": 0, "count_exact_math": 0, "count_mildly_off": 0, "count_way_off": 0}}, "tool_call_count": 0, "avg_elapsed_seconds": 16.84951334428787, "avg_tokens_non_final": 63.468, "avg_tokens_reasoning": 0.0, "avg_tokens": 63.468, "avg_completion_tokens": 232.938, "avg_prompt_tokens": 116.838, "avg_total_tokens": 349.776, "avg_flops_estimate": null, "token_counts_include_prompt": true, "token_count_sources": {"tokenizer": 500}, "avg_relative_error": 0.5303718927843436, "median_relative_error": 0.5625546806649169}}
