{"id": "basket_sum_000171", "topic": "basket_sum", "subtopic": "decimal_prices", "prompt": "You’re buying 3 items: $7.04, $12.56, $5.78. About how much will you pay (before tax)?", "exact_value": 25.38, "model": "tiiuae/Falcon-H1-7B-Instruct", "provider": "transformers", "response": "ацииированы путем сложения всех процентов процентов согласно приведенной информации насколько это возможно точно согласно правилам округления процентов процентов процентов процентов процентов процентов процентов процентов процентов процентов процентов процентов процентов процентов процентов процентов процентов процентов процентов процентов процентов процентов процентов процентов процентов процентов процентов процентов процентов процентов процентов процентов процентов процентов процентов процентов процентов процентов процентов процентов процентов процентов процентов процентов процентов процентов процентов процентов процентов процентов процентов процентов процентов процентов процентов процентов процентов процентов процентов процентов процентов процентов процентов процентов процентов процентов процентов процентов процентов процентов процентов процентов процентов процентов процентов процентов процентов процентов процентов процентов процентов процентов процентов процентов процентов процентов процентов процентов процентов процентов процентов процентов процентов процентов процентов процентов процентов процентов процентов процентов процентов процентов процентов процентов процентов процентов процентов процентов процентов процентов процентов процентов процентов процентов процентов процентов процентов процентов процентов процентов процентов процентов процентов процентов процентов процентов процентов процентов процентов процентов процентов процентов процентов процентов процентов процентов процентов процентов процентов процентов процентов процентов процентов процентов процентов процентов процентов процентов процентов процентов процентов процентов процентов процентов процентов процентов процентов процентов процентов процентов процентов процентов процентов процентов процентов процентов процентов процентов процентов процентов процентов процентов процентов процентов процентов процентов процентов процентов процентов процентов процентов процентов процентов процентов процентов процентов процентов процентов процентов процентов процентов процентов процентов процентов процентов процентов процентов процентов процентов процентов процентов процентов процентов процентов процентов процентов процентов процентов процентов процентов процентов процентов процентов процентов процентов процентов процентов процентов процентов процентов процентов процентов процентов процентов процентов процентов процентов процентов процентов процентов процентов процентов процентов процентов процентов", "numeric_answer": null, "relative_error": null, "thinking_text": null, "has_tool_call": false, "tool_call": null, "usage": {"prompt_tokens": 118, "completion_tokens": 256, "total_tokens": 374, "token_count_source": "tokenizer"}, "decoding": {"temperature": 0.2, "top_p": null, "top_k": null, "max_tokens": 256, "seed": 42}, "prompt_tokens": 118, "completion_tokens": 256, "total_tokens": 374, "token_count_source": "tokenizer", "diffusion_steps": null, "flops_estimate": null, "flops_arch": null, "flops_model_params": null, "flops_active_params": null, "tokens_non_final": 251, "tokens_reasoning": 0, "tokens_response": 251, "elapsed_seconds": 19.463995933532715, "judgement": "Uncategorized"}
{"id": "basket_sum_000191", "topic": "basket_sum", "subtopic": "decimal_prices", "prompt": "You’re buying 5 items: $17.31, $7.03, $9.93, $19.51, $11.17. About how much will you pay (before tax)?", "exact_value": 64.95, "model": "tiiuae/Falcon-H1-7B-Instruct", "provider": "transformers", "response": "альнымиются суммы процентов согласно условиюлирование процентов согласно условиюлирование процентов согласно условиюлирование процентов согласно условиюлирование процентов согласно условиюлирование процентов согласно условиюлирование процентов согласно условиюлирование процентов согласно условиюлирование процентов согласно условиюлирование процентов согласно условиюлирование процентов согласно условиюлирование процентов согласно условиюлирование процентов согласно условиюлирование процентов согласно условиюлирование процентов согласно условиюлирование процентов согласно условиюлирование процентов согласно условиюлирование процентов согласно условиюлирование процентов согласно условиюлирование процентов согласно условиюлирование процентов согласно условиюлирование процентов согласно условиюлирование процентов согласно условиюлирование процентов согласно условиюлирование процентов согласно условиюлирование процентов согласно условиюлирование процентов согласно условиюлирование процентов согласно условиюлирование процентов согласно условиюлирование процентов согласно условиюлирование процентов согласно условиюлирование процентов согласно условиюлирование процентов согласно условиюлирование процентов согласно условиюлирование процентов согласно условиюлирование процентов согласно условиюлирование процентов согласно условиюлирование процентов согласно условиюлирование процентов согласно условиюлирование процентов согласно условиюлирование процентов согласно условиюлирование процентов согласно условиюлирование процентов", "numeric_answer": null, "relative_error": null, "thinking_text": null, "has_tool_call": false, "tool_call": null, "usage": {"prompt_tokens": 134, "completion_tokens": 256, "total_tokens": 390, "token_count_source": "tokenizer"}, "decoding": {"temperature": 0.2, "top_p": null, "top_k": null, "max_tokens": 256, "seed": 42}, "prompt_tokens": 134, "completion_tokens": 256, "total_tokens": 390, "token_count_source": "tokenizer", "diffusion_steps": null, "flops_estimate": null, "flops_arch": null, "flops_model_params": null, "flops_active_params": null, "tokens_non_final": 129, "tokens_reasoning": 0, "tokens_response": 129, "elapsed_seconds": 18.69889998435974, "judgement": "Uncategorized"}
{"id": "basket_sum_000211", "topic": "basket_sum", "subtopic": "decimal_prices", "prompt": "You’re buying 6 items: $13.05, $4.61, $17.83, $17.37, $4.97, $2.96. About how much will you pay (before tax)?", "exact_value": 60.79, "model": "tiiuae/Falcon-H1-7B-Instruct", "provider": "transformers", "response": "�альное решение согласно правилальным указаниямируетаются путем суммирования всех процентов согласно приведенным значениям процентов процентов процентов процентов процентов процентов процентов процентов процентов процентов процентов процентов процентов процентов процентов процентов процентов процентов процентов процентов процентов процентов процентов процентов процентов процентов процентов процентов процентов процентов процентов процентов процентов процентов процентов процентов процентов процентов процентов процентов процентов процентов процентов процентов процентов процентов процентов процентов процентов процентов процентов процентов процентов процентов процентов процентов процентов процентов процентов процентов процентов процентов процентов процентов процентов процентов процентов процентов процентов процентов процентов процентов процентов процентов процентов процентов процентов процентов процентов процентов процентов процентов процентов процентов процентов процентов процентов процентов процентов процентов процентов процентов процентов процентов процентов процентов процентов процентов процентов процентов процентов процентов процентов процентов процентов процентов процентов процентов процентов процентов процентов процентов процентов процентов процентов процентов процентов процентов процентов процентов процентов процентов процентов процентов процентов процентов процентов процентов процентов процентов процентов процентов процентов процентов процентов процентов процентов процентов процентов процентов процентов процентов процентов процентов процентов процентов процентов процентов процентов процентов процентов процентов процентов процентов процентов процентов процентов процентов процентов процентов процентов процентов процентов процентов процентов процентов процентов процентов процентов процентов процентов процентов процентов процентов процентов процентов процентов процентов процентов процентов процентов процентов процентов процентов процентов процентов процентов процентов процентов процентов процентов процентов процентов процентов процентов процентов процентов процентов процентов процентов процентов процентов процентов процентов процентов процентов процентов процентов процентов процентов процентов процентов процентов процентов процентов процентов процентов процентов процентов процентов процентов процентов процентов процентов процентов процентов процентов процентов процентов процентов процентов процентов процентов процентов", "numeric_answer": null, "relative_error": null, "thinking_text": null, "has_tool_call": false, "tool_call": null, "usage": {"prompt_tokens": 141, "completion_tokens": 256, "total_tokens": 397, "token_count_source": "tokenizer"}, "decoding": {"temperature": 0.2, "top_p": null, "top_k": null, "max_tokens": 256, "seed": 42}, "prompt_tokens": 141, "completion_tokens": 256, "total_tokens": 397, "token_count_source": "tokenizer", "diffusion_steps": null, "flops_estimate": null, "flops_arch": null, "flops_model_params": null, "flops_active_params": null, "tokens_non_final": 246, "tokens_reasoning": 0, "tokens_response": 246, "elapsed_seconds": 18.761829137802124, "judgement": "Uncategorized"}
{"id": "basket_sum_000231", "topic": "basket_sum", "subtopic": "decimal_prices", "prompt": "You’re buying 6 items: $4.43, $10.89, $5.57, $12.80, $4.22, $15.17. About how much will you pay (before tax)?", "exact_value": 53.08, "model": "tiiuae/Falcon-H1-7B-Instruct", "provider": "transformers", "response": "ацииируютаются путем сложения всех процентовируемыми значениями согласно приведенным даннымальными согласно приведенным даннымальными согласно приведенным даннымальными согласно приведеннымальнымальнымальнымальнымальнымальнымальнымальнымальнымальнымальнымальнымальнымальнымальнымальнымальнымальнымальнымальнымальнымальнымальнымальнымальнымальнымальнымальнымальнымальнымальнымальнымальнымальнымальнымальнымальнымальнымальнымальнымальнымальнымальнымальнымальнымальнымальнымальнымальнымальнымальнымальнымальнымальнымальнымальнымальнымальнымальнымальнымальнымальнымальнымальнымальнымальнымальнымальнымальнымальнымальнымальнымальнымальнымальнымальнымальнымальнымальнымальнымальнымальнымальнымальнымальнымальнымальнымальнымальнымальнымальнымальнымальнымальнымальнымальнымальнымальнымальнымальнымальнымальнымальнымальнымальнымальнымальнымальнымальнымальнымальнымальнымальнымальнымальнымальнымальнымальнымальнымальнымальнымальнымальнымальнымальнымальнымальнымальнымальнымальнымальнымальнымальнымальнымальнымальнымальнымальнымальнымальнымальнымальнымальнымальнымальнымальнымальнымальнымальнымальнымальнымальнымальнымальнымальнымальнымальнымальнымальнымальнымальнымальнымальнымальнымальнымальнымальнымальнымальнымальнымальнымальнымальнымальнымальнымальнымальнымальнымальнымальнымальнымальнымальнымальнымальнымальнымальнымальнымальнымальнымальнымальнымальнымальнымальнымальнымальнымальнымальнымальнымальнымальнымальнымальнымальнымальнымальнымальнымальнымальнымальнымальнымальнымальнымальнымальнымальнымальнымальнымальнымальнымальнымальнымальнымальнымальным", "numeric_answer": null, "relative_error": null, "thinking_text": null, "has_tool_call": false, "tool_call": null, "usage": {"prompt_tokens": 141, "completion_tokens": 256, "total_tokens": 397, "token_count_source": "tokenizer"}, "decoding": {"temperature": 0.2, "top_p": null, "top_k": null, "max_tokens": 256, "seed": 42}, "prompt_tokens": 141, "completion_tokens": 256, "total_tokens": 397, "token_count_source": "tokenizer", "diffusion_steps": null, "flops_estimate": null, "flops_arch": null, "flops_model_params": null, "flops_active_params": null, "tokens_non_final": 17, "tokens_reasoning": 0, "tokens_response": 17, "elapsed_seconds": 19.937280654907227, "judgement": "Uncategorized"}
{"id": "basket_sum_000251", "topic": "basket_sum", "subtopic": "decimal_prices", "prompt": "You’re buying 4 items: $7.24, $9.93, $15.10, $11.31. About how much will you pay (before tax)?", "exact_value": 43.58, "model": "tiiuae/Falcon-H1-7B-Instruct", "provider": "transformers", "response": "альнымиются путем сложения всех процентов процентов процентов процентов процентов процентов процентов процентов процентов процентов процентов процентов процентов процентов процентов процентов процентов процентов процентов процентов процентов процентов процентов процентов процентов процентов процентов процентов процентов процентов процентов процентов процентов процентов процентов процентов процентов процентов процентов процентов процентов процентов процентов процентов процентов процентов процентов процентов процентов процентов процентов процентов процентов процентов процентов процентов процентов процентов процентов процентов процентов процентов процентов процентов процентов процентов процентов процентов процентов процентов процентов процентов процентов процентов процентов процентов процентов процентов процентов процентов процентов процентов процентов процентов процентов процентов процентов процентов процентов процентов процентов процентов процентов процентов процентов процентов процентов процентов процентов процентов процентов процентов процентов процентов процентов процентов процентов процентов процентов процентов процентов процентов процентов процентов процентов процентов процентов процентов процентов процентов процентов процентов процентов процентов процентов процентов процентов процентов процентов процентов процентов процентов процентов процентов процентов процентов процентов процентов процентов процентов процентов процентов процентов процентов процентов процентов процентов процентов процентов процентов процентов процентов процентов процентов процентов процентов процентов процентов процентов процентов процентов процентов процентов процентов процентов процентов процентов процентов процентов процентов процентов процентов процентов процентов процентов процентов процентов процентов процентов процентов процентов процентов процентов процентов процентов процентов процентов процентов процентов процентов процентов процентов процентов процентов процентов процентов процентов процентов процентов процентов процентов процентов процентов процентов процентов процентов процентов процентов процентов процентов процентов процентов процентов процентов процентов процентов процентов процентов процентов процентов процентов процентов процентов процентов процентов процентов процентов процентов процентов процентов процентов процентов процентов процентов процентов процентов процентов процентов процентов процентов процентов процентов процентов процентов процентов процентов процентов процентов процентов процентов", "numeric_answer": null, "relative_error": null, "thinking_text": null, "has_tool_call": false, "tool_call": null, "usage": {"prompt_tokens": 126, "completion_tokens": 256, "total_tokens": 382, "token_count_source": "tokenizer"}, "decoding": {"temperature": 0.2, "top_p": null, "top_k": null, "max_tokens": 256, "seed": 42}, "prompt_tokens": 126, "completion_tokens": 256, "total_tokens": 382, "token_count_source": "tokenizer", "diffusion_steps": null, "flops_estimate": null, "flops_arch": null, "flops_model_params": null, "flops_active_params": null, "tokens_non_final": 254, "tokens_reasoning": 0, "tokens_response": 254, "elapsed_seconds": 18.706660270690918, "judgement": "Uncategorized"}
{"id": "basket_sum_000271", "topic": "basket_sum", "subtopic": "decimal_prices", "prompt": "You’re buying 4 items: $19.91, $19.58, $6.09, $1.98. About how much will you pay (before tax)?", "exact_value": 47.56, "model": "tiiuae/Falcon-H1-7B-Instruct", "provider": "transformers", "response": "альными расчетами суммы процентовируем согласно приведенным значениям процентов процентовируем согласно приведенным значениям процентов процентовируем согласно приведенным значениям процентов процентовируем согласно приведенным значениям процентов процентовируем согласно приведенным значениям процентов процентовируем согласно приведенным значениям процентов процентовируем согласно приведенным значениям процентов процентовируем согласно приведенным значениям процентов процентовируем согласно приведенным значениям процентов процентовируем согласно приведенным значениям процентов процентовируем согласно приведенным значениям процентов процентовируем согласно приведенным значениям процентов процентовируем согласно приведенным процентов процентовируем согласно приведенным процентов процентовируем согласно приведенным процентов процентовируем согласно приведенным процентов процентовируем согласно приведенным процентов процентовируем согласно приведенным процентов процентовируем согласно приведенным процентов процентовируем согласно приведенным процентов процентовируем согласно приведенным процентов процентовируем согласно приведенным процентов процентовируем согласно приведенным процентов процентовируем согласно приведенным процентов процентовируем согласно приведенным процентов процентовируем согласно приведенным процентов процентовируем согласно приведенным процентов процентовируем согласно приведенным процентов процентовируем согласно приведенным процентов процентовируем согласно приведенным процентов процентовируем согласно приведенным процентов процентовируем согласно приведенным процентов процентовируем согласно приведенным процентов процентовируем согласно приведенным процентов процентовируем согласно приведенным процентов процентовируем согласно приведенным процентов процентовируем согласно приведенным процентов процентовируем согласно приведенным процентов", "numeric_answer": null, "relative_error": null, "thinking_text": null, "has_tool_call": false, "tool_call": null, "usage": {"prompt_tokens": 126, "completion_tokens": 256, "total_tokens": 382, "token_count_source": "tokenizer"}, "decoding": {"temperature": 0.2, "top_p": null, "top_k": null, "max_tokens": 256, "seed": 42}, "prompt_tokens": 126, "completion_tokens": 256, "total_tokens": 382, "token_count_source": "tokenizer", "diffusion_steps": null, "flops_estimate": null, "flops_arch": null, "flops_model_params": null, "flops_active_params": null, "tokens_non_final": 167, "tokens_reasoning": 0, "tokens_response": 167, "elapsed_seconds": 19.44286608695984, "judgement": "Uncategorized"}
{"id": "basket_sum_000291", "topic": "basket_sum", "subtopic": "decimal_prices", "prompt": "You’re buying 4 items: $10.75, $8.39, $14.91, $11.50. About how much will you pay (before tax)?", "exact_value": 45.55, "model": "tiiuae/Falcon-H1-7B-Instruct", "provider": "transformers", "response": "альными расчетами суммы процентовируем процентов процентовируем процентов процентовируем процентов процентовируем процентов процентовируем процентов процентовируем процентов процентовируем процентов процентовируем процентов процентовируем процентов процентовируем процентов процентовируем процентов процентовируем процентов процентовируем процентов процентовируем процентов процентовируем процентов процентовируем процентов процентовируем процентов процентовируем процентов процентовируем процентов процентовируем процентов процентовируем процентов процентовируем процентов процентовируем процентов процентовируем процентов процентовируем процентов процентовируем процентов процентовируем процентов процентовируем процентов процентовируем процентов процентовируем процентов процентовируем процентов процентовируем процентов процентовируем процентов процентовируем процентов процентовируем процентов процентовируем процентов процентовируем процентов процентовируем процентов процентовируем процентов процентовируем процентов процентовируем процентов процентовируем процентов процентовируем процентов процентовируем процентов процентовируем процентов процентовируем процентов процентовируем процентов процентовируем процентов процентовируем процентов процентовируем процентов процентовируем процентов процентовируем процентов процентовируем процентов процентовируем процентов процентовируем процентов процентовируем процентов процентовируем процентов процентовируем процентов процентовируем процентов процентовируем процентов процентовируем процентов процентовируем процентов процентовируем процентов процентовируем процентов процентовируем процентов процентовируем процентов процентовируем процентов процентовируем процентов процентовируем процентов процентовируем процентов процентовируем процентов процентовируем процентов процентовируем процентов процентовируем процентов процентовируем процентов процентовируем процентов процентовируем процентов процентовируем процентов процентовируем процентов процентовируем процентов процентовируем процентов процентовируем процентов процентовируем процентов процентовируем процентов", "numeric_answer": null, "relative_error": null, "thinking_text": null, "has_tool_call": false, "tool_call": null, "usage": {"prompt_tokens": 127, "completion_tokens": 256, "total_tokens": 383, "token_count_source": "tokenizer"}, "decoding": {"temperature": 0.2, "top_p": null, "top_k": null, "max_tokens": 256, "seed": 42}, "prompt_tokens": 127, "completion_tokens": 256, "total_tokens": 383, "token_count_source": "tokenizer", "diffusion_steps": null, "flops_estimate": null, "flops_arch": null, "flops_model_params": null, "flops_active_params": null, "tokens_non_final": 171, "tokens_reasoning": 0, "tokens_response": 171, "elapsed_seconds": 20.14392113685608, "judgement": "Uncategorized"}
{"id": "basket_sum_000311", "topic": "basket_sum", "subtopic": "decimal_prices", "prompt": "You’re buying 3 items: $15.35, $16.98, $2.04. About how much will you pay (before tax)?", "exact_value": 34.37, "model": "tiiuae/Falcon-H1-7B-Instruct", "provider": "transformers", "response": "ацииируем суммы процентов путем их сложения согласно приведенной информации насколько точно насколько возможно согласно правилам системы насколько точно насколько возможно согласно правилальным образомируя суммы процентов путем их сложения согласно приведеннойацииируем суммы процентов путем их сложения согласно приведеннойацииируем суммы процентов путем их сложения согласно приведеннойацииируем суммы процентов путем их сложения согласно приведеннойацииируем суммы процентов путем их сложения согласно приведеннойацииируем суммы процентов путем их сложения согласно приведеннойацииируем суммы процентов путем их сложения согласно приведеннойацииируем суммы процентов путем их сложения согласно приведеннойацииируем суммы процентов путем их сложения согласно приведеннойацииируем суммы процентов путем их сложения согласно приведеннойацииируем суммы процентов путем их сложения согласно приведеннойацииируем суммы процентов путем их сложения согласно приведеннойацииируем суммы процентов путем их сложения согласно приведеннойацииируем суммы процентов путем их сложения согласно приведеннойацииируем суммы процентов путем их сложения согласно приведеннойацииируем суммы процентов путем их сложения согласно приведеннойацииируем суммы процентов путем их сложения согласно приведеннойацииируем суммы процентов путем их сложения согласно приведеннойацииируем суммы процентов путем их сложения согласно приведеннойацииируем суммы процентов путем их сложения согласно приведеннойацииируем суммы процентов путем их сложения согласно", "numeric_answer": null, "relative_error": null, "thinking_text": null, "has_tool_call": false, "tool_call": null, "usage": {"prompt_tokens": 119, "completion_tokens": 256, "total_tokens": 375, "token_count_source": "tokenizer"}, "decoding": {"temperature": 0.2, "top_p": null, "top_k": null, "max_tokens": 256, "seed": 42}, "prompt_tokens": 119, "completion_tokens": 256, "total_tokens": 375, "token_count_source": "tokenizer", "diffusion_steps": null, "flops_estimate": null, "flops_arch": null, "flops_model_params": null, "flops_active_params": null, "tokens_non_final": 169, "tokens_reasoning": 0, "tokens_response": 169, "elapsed_seconds": 18.70907998085022, "judgement": "Uncategorized"}
{"id": "basket_sum_000331", "topic": "basket_sum", "subtopic": "decimal_prices", "prompt": "You’re buying 6 items: $10.51, $16.13, $18.17, $3.75, $7.32, $10.07. About how much will you pay (before tax)?", "exact_value": 65.95, "model": "tiiuae/Falcon-H1-7B-Instruct", "provider": "transformers", "response": "альными расчетами суммы всех процентов получаются примерно насколько процентов процентов процентов процентов процентов процентов процентов процентов процентов процентов процентов процентов процентов процентов процентов процентов процентов процентов процентов процентов процентов процентов процентов процентов процентов процентов процентов процентов процентов процентов процентов процентов процентов процентов процентов процентов процентов процентов процентов процентов процентов процентов процентов процентов процентов процентов процентов процентов процентов процентов процентов процентов процентов процентов процентов процентов процентов процентов процентов процентов процентов процентов процентов процентов процентов процентов процентов процентов процентов процентов процентов процентов процентов процентов процентов процентов процентов процентов процентов процентов процентов процентов процентов процентов процентов процентов процентов процентов процентов процентов процентов процентов процентов процентов процентов процентов процентов процентов процентов процентов процентов процентов процентов процентов процентов процентов процентов процентов процентов процентов процентов процентов процентов процентов процентов процентов процентов процентов процентов процентов процентов процентов процентов процентов процентов процентов процентов процентов процентов процентов процентов процентов процентов процентов процентов процентов процентов процентов процентов процентов процентов процентов процентов процентов процентов процентов процентов процентов процентов процентов процентов процентов процентов процентов процентов процентов процентов процентов процентов процентов процентов процентов процентов процентов процентов процентов процентов процентов процентов процентов процентов процентов процентов процентов процентов процентов процентов процентов процентов процентов процентов процентов процентов процентов процентов процентов процентов процентов процентов процентов процентов процентов процентов процентов процентов процентов процентов процентов процентов процентов процентов процентов процентов процентов процентов процентов процентов процентов процентов процентов процентов процентов процентов процентов процентов процентов процентов процентов процентов процентов процентов процентов процентов процентов процентов процентов процентов процентов процентов процентов процентов процентов процентов процентов процентов процентов процентов процентов процентов процентов процентов процентов процентов процентов процентов", "numeric_answer": null, "relative_error": null, "thinking_text": null, "has_tool_call": false, "tool_call": null, "usage": {"prompt_tokens": 142, "completion_tokens": 256, "total_tokens": 398, "token_count_source": "tokenizer"}, "decoding": {"temperature": 0.2, "top_p": null, "top_k": null, "max_tokens": 256, "seed": 42}, "prompt_tokens": 142, "completion_tokens": 256, "total_tokens": 398, "token_count_source": "tokenizer", "diffusion_steps": null, "flops_estimate": null, "flops_arch": null, "flops_model_params": null, "flops_active_params": null, "tokens_non_final": 253, "tokens_reasoning": 0, "tokens_response": 253, "elapsed_seconds": 19.69831132888794, "judgement": "Uncategorized"}
{"id": "basket_sum_000351", "topic": "basket_sum", "subtopic": "decimal_prices", "prompt": "You’re buying 5 items: $4.79, $14.12, $9.07, $19.61, $11.68. About how much will you pay (before tax)?", "exact_value": 59.27, "model": "tiiuae/Falcon-H1-7B-Instruct", "provider": "transformers", "response": "альными расчетами суммы процентовируем процентовируем процентовируем процентовируем процентовируем процентовируем процентовируем процентовируем процентовируем процентовируем процентовируем процентовируем процентовируем процентовируем процентовируем процентовируем процентовируем процентовируем процентовируем процентовируем процентовируем процентовируем процентовируем процентовируем процентовируем процентовируем процентовируем процентовируем процентовируем процентовируем процентовируем процентовируем процентовируем процентовируем процентовируем процентовируем процентовируем процентовируем процентовируем процентовируем процентовируем процентовируем процентовируем процентовируем процентовируем процентовируем процентовируем процентовируем процентовируем процентовируем процентовируем процентовируем процентовируем процентовируем процентовируем процентовируем процентовируем процентовируем процентовируем процентовируем процентовируем процентовируем процентовируем процентовируем процентовируем процентовируем процентовируем процентовируем процентовируем процентовируем процентовируем процентовируем процентовируем процентовируем процентовируем процентовируем процентовируем процентовируем процентовируем процентовируем процентовируем процентовируем процентовируем процентовируем процентовируем процентовируем процентовируем процентовируем процентовируем процентовируем процентовируем процентовируем процентовируем процентовируем процентовируем процентовируем процентовируем процентовируем процентовируем процентовируем процентовируем процентовируем процентовируем процентовируем процентовируем процентовируем процентовируем процентовируем процентовируем процентовируем процентовируем процентовируем процентовируем процентовируем процентовируем процентовируем процентовируем процентовируем процентовируем процентовируем процентовируем процентовируем процентовируем процентовируем процентовируем процентовируем", "numeric_answer": null, "relative_error": null, "thinking_text": null, "has_tool_call": false, "tool_call": null, "usage": {"prompt_tokens": 134, "completion_tokens": 256, "total_tokens": 390, "token_count_source": "tokenizer"}, "decoding": {"temperature": 0.2, "top_p": null, "top_k": null, "max_tokens": 256, "seed": 42}, "prompt_tokens": 134, "completion_tokens": 256, "total_tokens": 390, "token_count_source": "tokenizer", "diffusion_steps": null, "flops_estimate": null, "flops_arch": null, "flops_model_params": null, "flops_active_params": null, "tokens_non_final": 129, "tokens_reasoning": 0, "tokens_response": 129, "elapsed_seconds": 19.056846141815186, "judgement": "Uncategorized"}
{"id": "basket_sum_000371", "topic": "basket_sum", "subtopic": "decimal_prices", "prompt": "You’re buying 5 items: $9.72, $2.29, $17.88, $2.49, $9.86. About how much will you pay (before tax)?", "exact_value": 42.24, "model": "tiiuae/Falcon-H1-7B-Instruct", "provider": "transformers", "response": "альнымиются путем сложения всех процентов процентов согласно списку процентов процентов процентов процентов процентов процентов процентов процентов процентов процентов процентов процентов процентов процентов процентов процентов процентов процентов процентов процентов процентов процентов процентов процентов процентов процентов процентов процентов процентов процентов процентов процентов процентов процентов процентов процентов процентов процентов процентов процентов процентов процентов процентов процентов процентов процентов процентов процентов процентов процентов процентов процентов процентов процентов процентов процентов процентов процентов процентов процентов процентов процентов процентов процентов процентов процентов процентов процентов процентов процентов процентов процентов процентов процентов процентов процентов процентов процентов процентов процентов процентов процентов процентов процентов процентов процентов процентов процентов процентов процентов процентов процентов процентов процентов процентов процентов процентов процентов процентов процентов процентов процентов процентов процентов процентов процентов процентов процентов процентов процентов процентов процентов процентов процентов процентов процентов процентов процентов процентов процентов процентов процентов процентов процентов процентов процентов процентов процентов процентов процентов процентов процентов процентов процентов процентов процентов процентов процентов процентов процентов процентов процентов процентов процентов процентов процентов процентов процентов процентов процентов процентов процентов процентов процентов процентов процентов процентов процентов процентов процентов процентов процентов процентов процентов процентов процентов процентов процентов процентов процентов процентов процентов процентов процентов процентов процентов процентов процентов процентов процентов процентов процентов процентов процентов процентов процентов процентов процентов процентов процентов процентов процентов процентов процентов процентов процентов процентов процентов процентов процентов процентов процентов процентов процентов процентов процентов процентов процентов процентов процентов процентов процентов процентов процентов процентов процентов процентов процентов процентов процентов процентов процентов процентов процентов процентов процентов процентов процентов процентов процентов процентов процентов процентов процентов процентов процентов процентов процентов процентов процентов процентов процентов процентов процентов процентов", "numeric_answer": null, "relative_error": null, "thinking_text": null, "has_tool_call": false, "tool_call": null, "usage": {"prompt_tokens": 132, "completion_tokens": 256, "total_tokens": 388, "token_count_source": "tokenizer"}, "decoding": {"temperature": 0.2, "top_p": null, "top_k": null, "max_tokens": 256, "seed": 42}, "prompt_tokens": 132, "completion_tokens": 256, "total_tokens": 388, "token_count_source": "tokenizer", "diffusion_steps": null, "flops_estimate": null, "flops_arch": null, "flops_model_params": null, "flops_active_params": null, "tokens_non_final": 253, "tokens_reasoning": 0, "tokens_response": 253, "elapsed_seconds": 18.686450958251953, "judgement": "Uncategorized"}
{"id": "basket_sum_000391", "topic": "basket_sum", "subtopic": "decimal_prices", "prompt": "You’re buying 6 items: $2.67, $2.79, $9.35, $5.00, $6.23, $4.50. About how much will you pay (before tax)?", "exact_value": 30.54, "model": "tiiuae/Falcon-H1-7B-Instruct", "provider": "transformers", "response": "ацииируютаются путем сложения всех процентов согласно приведенной информации насколько это возможно точно согласно заданию насколько это возможно насколько это возможно насколько насколько насколько насколько насколько насколько насколько насколько насколько насколько насколько насколько насколько насколько насколько насколько насколько насколько насколько насколько насколько насколько насколько насколько насколько насколько насколько насколько насколько насколько насколько насколько насколько насколько насколько насколько насколько насколько насколько насколько насколько насколько насколько насколько насколько насколько насколько насколько насколько насколько насколько насколько насколько насколько насколько насколько насколько насколько насколько насколько насколько насколько насколько насколько насколько насколько насколько насколько насколько насколько насколько насколько насколько насколько насколько насколько насколько насколько насколько насколько насколько насколько насколько насколько насколько насколько насколько насколько насколько насколько насколько насколько насколько насколько насколько насколько насколько насколько насколько насколько насколько насколько насколько насколько насколько насколько насколько насколько насколько насколько насколько насколько насколько насколько насколько насколько насколько насколько насколько насколько насколько насколько насколько насколько насколько насколько насколько насколько насколько насколько насколько насколько насколько насколько насколько насколько насколько насколько насколько насколько насколько насколько насколько насколько насколько насколько насколько насколько насколько насколько насколько насколько насколько насколько насколько насколько насколько насколько насколько насколько насколько насколько насколько насколько насколько насколько насколько насколько насколько насколько насколько насколько насколько насколько насколько насколько насколько насколько насколько насколько насколько насколько насколько насколько насколько насколько насколько насколько насколько насколько насколько насколько насколько насколько насколько насколько насколько насколько насколько насколько насколько насколько насколько насколько насколько насколько насколько насколько насколько насколько насколько насколько насколько насколько насколько насколько насколько насколько насколько насколько насколько насколько насколько насколько насколько насколько насколько насколько насколько насколько насколько", "numeric_answer": null, "relative_error": null, "thinking_text": null, "has_tool_call": false, "tool_call": null, "usage": {"prompt_tokens": 138, "completion_tokens": 256, "total_tokens": 394, "token_count_source": "tokenizer"}, "decoding": {"temperature": 0.2, "top_p": null, "top_k": null, "max_tokens": 256, "seed": 42}, "prompt_tokens": 138, "completion_tokens": 256, "total_tokens": 394, "token_count_source": "tokenizer", "diffusion_steps": null, "flops_estimate": null, "flops_arch": null, "flops_model_params": null, "flops_active_params": null, "tokens_non_final": 251, "tokens_reasoning": 0, "tokens_response": 251, "elapsed_seconds": 18.701929330825806, "judgement": "Uncategorized"}
{"id": "basket_sum_000411", "topic": "basket_sum", "subtopic": "decimal_prices", "prompt": "You’re buying 6 items: $19.35, $1.11, $7.30, $7.27, $14.63, $8.58. About how much will you pay (before tax)?", "exact_value": 58.24, "model": "tiiuae/Falcon-H1-7B-Instruct", "provider": "transformers", "response": "альнымиются путем сложения всех процентов процентов согласно списку процентов процентов процентов процентов процентов процентов процентов процентов процентов процентов процентов процентов процентов процентов процентов процентов процентов процентов процентов процентов процентов процентов процентов процентов процентов процентов процентов процентов процентов процентов процентов процентов процентов процентов процентов процентов процентов процентов процентов процентов процентов процентов процентов процентов процентов процентов процентов процентов процентов процентов процентов процентов процентов процентов процентов процентов процентов процентов процентов процентов процентов процентов процентов процентов процентов процентов процентов процентов процентов процентов процентов процентов процентов процентов процентов процентов процентов процентов процентов процентов процентов процентов процентов процентов процентов процентов процентов процентов процентов процентов процентов процентов процентов процентов процентов процентов процентов процентов процентов процентов процентов процентов процентов процентов процентов процентов процентов процентов процентов процентов процентов процентов процентов процентов процентов процентов процентов процентов процентов процентов процентов процентов процентов процентов процентов процентов процентов процентов процентов процентов процентов процентов процентов процентов процентов процентов процентов процентов процентов процентов процентов процентов процентов процентов процентов процентов процентов процентов процентов процентов процентов процентов процентов процентов процентов процентов процентов процентов процентов процентов процентов процентов процентов процентов процентов процентов процентов процентов процентов процентов процентов процентов процентов процентов процентов процентов процентов процентов процентов процентов процентов процентов процентов процентов процентов процентов процентов процентов процентов процентов процентов процентов процентов процентов процентов процентов процентов процентов процентов процентов процентов процентов процентов процентов процентов процентов процентов процентов процентов процентов процентов процентов процентов процентов процентов процентов процентов процентов процентов процентов процентов процентов процентов процентов процентов процентов процентов процентов процентов процентов процентов процентов процентов процентов процентов процентов процентов процентов процентов процентов процентов процентов процентов процентов процентов", "numeric_answer": null, "relative_error": null, "thinking_text": null, "has_tool_call": false, "tool_call": null, "usage": {"prompt_tokens": 140, "completion_tokens": 256, "total_tokens": 396, "token_count_source": "tokenizer"}, "decoding": {"temperature": 0.2, "top_p": null, "top_k": null, "max_tokens": 256, "seed": 42}, "prompt_tokens": 140, "completion_tokens": 256, "total_tokens": 396, "token_count_source": "tokenizer", "diffusion_steps": null, "flops_estimate": null, "flops_arch": null, "flops_model_params": null, "flops_active_params": null, "tokens_non_final": 253, "tokens_reasoning": 0, "tokens_response": 253, "elapsed_seconds": 18.31018304824829, "judgement": "Uncategorized"}
{"id": "basket_sum_000431", "topic": "basket_sum", "subtopic": "decimal_prices", "prompt": "You’re buying 5 items: $7.21, $16.25, $15.35, $1.62, $15.01. About how much will you pay (before tax)?", "exact_value": 55.44, "model": "tiiuae/Falcon-H1-7B-Instruct", "provider": "transformers", "response": "альнымиются суммы процентов согласно условиюлирования процентов согласно условиюлирования процентов согласно условиюлирования процентов согласно условиюлирования процентов согласно условиюлирования процентов согласно условиюлирования процентов согласно условиюлирования процентов согласно условиюлирования процентов согласно условиюлирования процентов согласно условиюлирования процентов согласно условиюлирования процентов согласно условиюлирования процентов согласно условиюлирования процентов согласно условиюлирования процентов согласно условиюлирования процентов согласно условиюлирования процентов согласно условиюлирования процентов согласно условиюлирования процентов согласно условиюлирования процентов согласно условиюлирования процентов согласно условиюлирования процентов согласно условиюлирования процентов согласно условиюлирования процентов согласно условиюлирования процентов согласно условиюлирования процентов согласно условиюлирования процентов согласно условиюлирования процентов согласно условиюлирования процентов согласно условиюлирования процентов согласно условиюлирования процентов согласно условиюлирования процентов согласно условиюлирования процентов согласно условиюлирования процентов согласно условиюлирования процентов согласно условиюлирования процентов согласно условиюлирования процентов согласно условиюлирования процентов согласно условиюлирования процентов согласно условиюлирования процентов согласно условиюлирования процентов согласно условиюлирования процентов согласно условиюлирования процентов", "numeric_answer": null, "relative_error": null, "thinking_text": null, "has_tool_call": false, "tool_call": null, "usage": {"prompt_tokens": 134, "completion_tokens": 256, "total_tokens": 390, "token_count_source": "tokenizer"}, "decoding": {"temperature": 0.2, "top_p": null, "top_k": null, "max_tokens": 256, "seed": 42}, "prompt_tokens": 134, "completion_tokens": 256, "total_tokens": 390, "token_count_source": "tokenizer", "diffusion_steps": null, "flops_estimate": null, "flops_arch": null, "flops_model_params": null, "flops_active_params": null, "tokens_non_final": 129, "tokens_reasoning": 0, "tokens_response": 129, "elapsed_seconds": 18.901885747909546, "judgement": "Uncategorized"}
{"id": "basket_sum_000451", "topic": "basket_sum", "subtopic": "decimal_prices", "prompt": "You’re buying 4 items: $15.91, $2.34, $17.70, $14.92. About how much will you pay (before tax)?", "exact_value": 50.87, "model": "tiiuae/Falcon-H1-7B-Instruct", "provider": "transformers", "response": "альнымиются независимо согласно правилации согласно задаче насколько точно насколько возможно насколько точно насколько возможно насколько точно насколько возможно насколько точно насколько возможно насколько точно насколько возможно насколько точно насколько возможно насколько точно насколько возможно насколько точно насколько возможно насколько точно насколько возможно насколько точно насколько возможно насколько точно насколько возможно насколько точно насколько возможно насколько точно насколько возможно насколько точно насколько возможно насколько точно насколько возможно насколько точно насколько возможно насколько точно насколько возможно насколько точно насколько возможно насколько точно насколько возможно насколько точно насколько возможно насколько точно насколько возможно насколько точно насколько возможно насколько точно насколько возможно насколько точно насколько возможно насколько точно насколько возможно насколько точно насколько возможно насколько точно насколько возможно насколько точно насколько возможно насколькоировано согласно задаче насколько точно насколько возможно насколько точно насколько возможно насколько точно насколько возможно насколько точно насколько возможно насколько точно насколько возможно насколько точно насколько возможно насколько точно насколько возможно насколько точно насколько возможно насколькоировано согласно задаче насколько точно насколько возможно насколько точно насколько возможно насколько точно насколько возможно насколько точно насколько возможно насколькоировано согласно задаче насколько точно насколько возможно насколько точно насколько возможно насколькоировано согласно задаче насколько точно насколько возможно насколько точно насколько возможно насколькоировано согласно задаче насколько точно насколько возможно насколько точно насколько возможно насколькоировано согласно задаче насколько точно насколько возможно насколько точно насколько возможно насколькоировано согласно задаче насколько точно насколько возможно насколько точно насколько возможно насколькоировано согласно задаче насколько точно насколько возможно насколько точно", "numeric_answer": null, "relative_error": null, "thinking_text": null, "has_tool_call": false, "tool_call": null, "usage": {"prompt_tokens": 127, "completion_tokens": 256, "total_tokens": 383, "token_count_source": "tokenizer"}, "decoding": {"temperature": 0.2, "top_p": null, "top_k": null, "max_tokens": 256, "seed": 42}, "prompt_tokens": 127, "completion_tokens": 256, "total_tokens": 383, "token_count_source": "tokenizer", "diffusion_steps": null, "flops_estimate": null, "flops_arch": null, "flops_model_params": null, "flops_active_params": null, "tokens_non_final": 236, "tokens_reasoning": 0, "tokens_response": 236, "elapsed_seconds": 19.10860276222229, "judgement": "Uncategorized"}
{"id": "basket_sum_000471", "topic": "basket_sum", "subtopic": "decimal_prices", "prompt": "You’re buying 5 items: $9.40, $19.52, $11.04, $3.12, $1.27. About how much will you pay (before tax)?", "exact_value": 44.35, "model": "tiiuae/Falcon-H1-7B-Instruct", "provider": "transformers", "response": "ацииируютаются путем сложения всех процентов согласно приведенной информации насколько точно насколько возможно согласно предоставленным данным насколько точно насколько возможно согласно предоставленным данным насколько точно насколько возможно согласноальным процентов согласно приведеннойацииируютаются путем сложения процентов согласно приведенной информации насколько точно насколько возможно насколько точно насколько возможно согласноальным процентов согласно приведеннойациируетаются путем сложения процентов согласно приведеннойациируетаются путем сложения процентов согласно приведеннойациируетаются путем сложения процентов согласно приведеннойациируетаются путем сложения процентов согласно приведеннойациируетаются путем сложения процентов согласно приведеннойациируетаются путем сложения процентов согласно приведеннойациируетаются путем сложения процентов согласно приведеннойациируетаются путем сложения процентов согласно приведеннойациируетаются путем сложения процентов согласно приведеннойациируетаются путем сложения процентов согласно приведеннойациируетаются путем сложения процентов согласно приведеннойациируетаются путем сложения процентов согласно приведеннойациируетаются путем сложения процентов согласно приведеннойациируетаются путем сложения процентов согласно приведеннойациируетаются путем сложения процентов согласно приведеннойациируетаются путем сложения процентов согласно приведеннойациируетаются путем сложения процентов согласно приведеннойациируетаются путем сложения процентов согласно приведеннойациируетаются путем сложения процентов согласно приведеннойации", "numeric_answer": null, "relative_error": null, "thinking_text": null, "has_tool_call": false, "tool_call": null, "usage": {"prompt_tokens": 133, "completion_tokens": 256, "total_tokens": 389, "token_count_source": "tokenizer"}, "decoding": {"temperature": 0.2, "top_p": null, "top_k": null, "max_tokens": 256, "seed": 42}, "prompt_tokens": 133, "completion_tokens": 256, "total_tokens": 389, "token_count_source": "tokenizer", "diffusion_steps": null, "flops_estimate": null, "flops_arch": null, "flops_model_params": null, "flops_active_params": null, "tokens_non_final": 143, "tokens_reasoning": 0, "tokens_response": 143, "elapsed_seconds": 18.825406551361084, "judgement": "Uncategorized"}
{"id": "basket_sum_000491", "topic": "basket_sum", "subtopic": "decimal_prices", "prompt": "You’re buying 3 items: $12.29, $7.74, $10.02. About how much will you pay (before tax)?", "exact_value": 30.05, "model": "tiiuae/Falcon-H1-7B-Instruct", "provider": "transformers", "response": "альнымиются путем сложения процентов процентов процентов процентов процентов процентов процентов процентов процентов процентов процентов процентов процентов процентов процентов процентов процентов процентов процентов процентов процентов процентов процентов процентов процентов процентов процентов процентов процентов процентов процентов процентов процентов процентов процентов процентов процентов процентов процентов процентов процентов процентов процентов процентов процентов процентов процентов процентов процентов процентов процентов процентов процентов процентов процентов процентов процентов процентов процентов процентов процентов процентов процентов процентов процентов процентов процентов процентов процентов процентов процентов процентов процентов процентов процентов процентов процентов процентов процентов процентов процентов процентов процентов процентов процентов процентов процентов процентов процентов процентов процентов процентов процентов процентов процентов процентов процентов процентов процентов процентов процентов процентов процентов процентов процентов процентов процентов процентов процентов процентов процентов процентов процентов процентов процентов процентов процентов процентов процентов процентов процентов процентов процентов процентов процентов процентов процентов процентов процентов процентов процентов процентов процентов процентов процентов процентов процентов процентов процентов процентов процентов процентов процентов процентов процентов процентов процентов процентов процентов процентов процентов процентов процентов процентов процентов процентов процентов процентов процентов процентов процентов процентов процентов процентов процентов процентов процентов процентов процентов процентов процентов процентов процентов процентов процентов процентов процентов процентов процентов процентов процентов процентов процентов процентов процентов процентов процентов процентов процентов процентов процентов процентов процентов процентов процентов процентов процентов процентов процентов процентов процентов процентов процентов процентов процентов процентов процентов процентов процентов процентов процентов процентов процентов процентов процентов процентов процентов процентов процентов процентов процентов процентов процентов процентов процентов процентов процентов процентов процентов процентов процентов процентов процентов процентов процентов процентов процентов процентов процентов процентов процентов процентов процентов процентов процентов процентов процентов процентов процентов процентов процентов", "numeric_answer": null, "relative_error": null, "thinking_text": null, "has_tool_call": false, "tool_call": null, "usage": {"prompt_tokens": 119, "completion_tokens": 256, "total_tokens": 375, "token_count_source": "tokenizer"}, "decoding": {"temperature": 0.2, "top_p": null, "top_k": null, "max_tokens": 256, "seed": 42}, "prompt_tokens": 119, "completion_tokens": 256, "total_tokens": 375, "token_count_source": "tokenizer", "diffusion_steps": null, "flops_estimate": null, "flops_arch": null, "flops_model_params": null, "flops_active_params": null, "tokens_non_final": 254, "tokens_reasoning": 0, "tokens_response": 254, "elapsed_seconds": 19.312500476837158, "judgement": "Uncategorized"}
{"id": "basket_sum_000511", "topic": "basket_sum", "subtopic": "decimal_prices", "prompt": "You’re buying 5 items: $19.01, $7.47, $3.87, $10.40, $14.78. About how much will you pay (before tax)?", "exact_value": 55.53, "model": "tiiuae/Falcon-H1-7B-Instruct", "provider": "transformers", "response": "альными расчетами суммы всех процентовируем процентовируем процентовируем процентовируем процентовируем процентовируем процентовируем процентовируем процентовируем процентовируем процентовируем процентовируем процентовируем процентовируем процентовируем процентовируем процентовируем процентовируем процентовируем процентовируем процентовируем процентовируем процентовируем процентовируем процентовируем процентовируем процентовируем процентовируем процентовируем процентовируем процентовируем процентовируем процентовируем процентовируем процентовируем процентовируем процентовируем процентовируем процентовируем процентовируем процентовируем процентовируем процентовируем процентовируем процентовируем процентовируем процентовируем процентовируем процентовируем процентовируем процентовируем процентовируем процентовируем процентовируем процентовируем процентовируем процентовируем процентовируем процентовируем процентовируем процентовируем процентовируем процентовируем процентовируем процентовируем процентовируем процентовируем процентовируем процентовируем процентовируем процентовируем процентовируем процентовируем процентовируем процентовируем процентовируем процентовируем процентовируем процентовируем процентовируем процентовируем процентовируем процентовируем процентовируем процентовируем процентовируем процентовируем процентовируем процентовируем процентовируем процентовируем процентовируем процентовируем процентовируем процентовируем процентовируем процентовируем процентовируем процентовируем процентовируем процентовируем процентовируем процентовируем процентовируем процентовируем процентовируем процентовируем процентовируем процентовируем процентовируем процентовируем процентовируем процентовируем процентовируем процентовируем процентовируем процентовируем процентовируем процентовируем процентовируем процентовируем процентовируем процентовируем процентовируем процентовируем процентов", "numeric_answer": null, "relative_error": null, "thinking_text": null, "has_tool_call": false, "tool_call": null, "usage": {"prompt_tokens": 134, "completion_tokens": 256, "total_tokens": 390, "token_count_source": "tokenizer"}, "decoding": {"temperature": 0.2, "top_p": null, "top_k": null, "max_tokens": 256, "seed": 42}, "prompt_tokens": 134, "completion_tokens": 256, "total_tokens": 390, "token_count_source": "tokenizer", "diffusion_steps": null, "flops_estimate": null, "flops_arch": null, "flops_model_params": null, "flops_active_params": null, "tokens_non_final": 130, "tokens_reasoning": 0, "tokens_response": 130, "elapsed_seconds": 19.374720335006714, "judgement": "Uncategorized"}
{"id": "basket_sum_000531", "topic": "basket_sum", "subtopic": "decimal_prices", "prompt": "You’re buying 3 items: $19.08, $1.40, $9.05. About how much will you pay (before tax)?", "exact_value": 29.53, "model": "tiiuae/Falcon-H1-7B-Instruct", "provider": "transformers", "response": "альнымиются суммы процентов согласно приведенной задаче путем их сложения согласно правил процентов согласно задаче насколько это возможно насколько точно согласно приведенным значениям процентов согласно задаются суммы процентов согласно приведенной задаче путем их сложения согласно правил процентов согласно задаче насколько насколько точно насколько согласно приведенным значениям процентов согласно задаются суммы процентов согласно приведенной задаче путем их сложения согласно правил процентов согласно задаче насколько насколько точно согласно приведенным значениям процентов согласно задаются суммы процентов согласно приведенной задаче путем их сложения согласно правил процентов согласно задаче насколько насколько точно согласно приведенным значениям процентов согласно задаются суммы процентов согласно приведенной задаче путем их сложения согласно правил процентов согласно задаче насколько насколько точно согласно приведенным значениям процентов согласно задаются суммы процентов согласно приведенной задаче путем их сложения согласно правил процентов согласно задаче насколько насколько точно согласно приведенным значениям процентов согласно задаются суммы процентов согласно приведенной задаче путем их сложения согласно правил процентов согласно задаче насколько насколько точно согласно приведенным значениям процентов согласно задаются суммы процентов согласно приведенной задаче путем их сложения согласно правил процентов согласно задаче насколько насколько точно согласно приведенным значениям процентов согласно задаются суммы процентов согласно приведенной задаче путем их сложения согласно правил процентов согласно задаче насколько насколько", "numeric_answer": null, "relative_error": null, "thinking_text": null, "has_tool_call": false, "tool_call": null, "usage": {"prompt_tokens": 118, "completion_tokens": 256, "total_tokens": 374, "token_count_source": "tokenizer"}, "decoding": {"temperature": 0.2, "top_p": null, "top_k": null, "max_tokens": 256, "seed": 42}, "prompt_tokens": 118, "completion_tokens": 256, "total_tokens": 374, "token_count_source": "tokenizer", "diffusion_steps": null, "flops_estimate": null, "flops_arch": null, "flops_model_params": null, "flops_active_params": null, "tokens_non_final": 195, "tokens_reasoning": 0, "tokens_response": 195, "elapsed_seconds": 18.733245611190796, "judgement": "Uncategorized"}
{"id": "basket_sum_000551", "topic": "basket_sum", "subtopic": "decimal_prices", "prompt": "You’re buying 4 items: $11.87, $4.88, $19.26, $15.04. About how much will you pay (before tax)?", "exact_value": 51.05, "model": "tiiuae/Falcon-H1-7B-Instruct", "provider": "transformers", "response": "альными расчетами суммы процентовируем процентовируем процентовируем процентовируем процентовируем процентовируем процентовируем процентовируем процентовируем процентовируем процентовируем процентовируем процентовируем процентовируем процентовируем процентовируем процентовируем процентовируем процентовируем процентовируем процентовируем процентовируем процентовируем процентовируем процентовируем процентовируем процентовируем процентовируем процентовируем процентовируем процентовируем процентовируем процентовируем процентовируем процентовируем процентовируем процентовируем процентовируем процентовируем процентовируем процентовируем процентовируем процентовируем процентовируем процентовируем процентовируем процентовируем процентовируем процентовируем процентовируем процентовируем процентовируем процентовируем процентовируем процентовируем процентовируем процентовируем процентовируем процентовируем процентовируем процентовируем процентовируем процентовируем процентовируем процентовируем процентовируем процентовируем процентовируем процентовируем процентовируем процентовируем процентовируем процентовируем процентовируем процентовируем процентовируем процентовируем процентовируем процентовируем процентовируем процентовируем процентовируем процентовируем процентовируем процентовируем процентовируем процентовируем процентовируем процентовируем процентовируем процентовируем процентовируем процентовируем процентовируем процентовируем процентовируем процентовируем процентовируем процентовируем процентовируем процентовируем процентовируем процентовируем процентовируем процентовируем процентовируем процентовируем процентовируем процентовируем процентовируем процентовируем процентовируем процентовируем процентовируем процентовируем процентовируем процентовируем процентовируем процентовируем процентовируем процентовируем процентовируем процентовируем процентовируем процентовируем процентовируем", "numeric_answer": null, "relative_error": null, "thinking_text": null, "has_tool_call": false, "tool_call": null, "usage": {"prompt_tokens": 127, "completion_tokens": 256, "total_tokens": 383, "token_count_source": "tokenizer"}, "decoding": {"temperature": 0.2, "top_p": null, "top_k": null, "max_tokens": 256, "seed": 42}, "prompt_tokens": 127, "completion_tokens": 256, "total_tokens": 383, "token_count_source": "tokenizer", "diffusion_steps": null, "flops_estimate": null, "flops_arch": null, "flops_model_params": null, "flops_active_params": null, "tokens_non_final": 129, "tokens_reasoning": 0, "tokens_response": 129, "elapsed_seconds": 19.959715604782104, "judgement": "Uncategorized"}
{"id": "basket_sum_000571", "topic": "basket_sum", "subtopic": "decimal_prices", "prompt": "You’re buying 6 items: $6.73, $19.19, $7.76, $16.39, $3.13, $17.44. About how much will you pay (before tax)?", "exact_value": 70.64, "model": "tiiuae/Falcon-H1-7B-Instruct", "provider": "transformers", "response": "альными расчетами суммы всех процентовируем процентовируем процентовируем процентовируем процентовируем процентовируем процентовируем процентовируем процентовируем процентовируем процентовируем процентовируем процентовируем процентовируем процентовируем процентовируем процентовируем процентовируем процентовируем процентовируем процентовируем процентовируем процентовируем процентовируем процентовируем процентовируем процентовируем процентовируем процентовируем процентовируем процентовируем процентовируем процентовируем процентовируем процентовируем процентовируем процентовируем процентовируем процентовируем процентовируем процентовируем процентовируем процентовируем процентовируем процентовируем процентовируем процентовируем процентовируем процентовируем процентовируем процентовируем процентовируем процентовируем процентовируем процентовируем процентовируем процентовируем процентовируем процентовируем процентовируем процентовируем процентовируем процентовируем процентовируем процентовируем процентовируем процентовируем процентовируем процентовируем процентовируем процентовируем процентовируем процентовируем процентовируем процентовируем процентовируем процентовируем процентовируем процентовируем процентовируем процентовируем процентовируем процентовируем процентовируем процентовируем процентовируем процентовируем процентовируем процентовируем процентовируем процентовируем процентовируем процентовируем процентовируем процентовируем процентовируем процентовируем процентовируем процентовируем процентовируем процентовируем процентовируем процентовируем процентовируем процентовируем процентовируем процентовируем процентовируем процентовируем процентовируем процентовируем процентовируем процентовируем процентовируем процентовируем процентовируем процентовируем процентовируем процентовируем процентовируем процентовируем процентовируем процентовируем процентовируем процентовируем процентов", "numeric_answer": null, "relative_error": null, "thinking_text": null, "has_tool_call": false, "tool_call": null, "usage": {"prompt_tokens": 141, "completion_tokens": 256, "total_tokens": 397, "token_count_source": "tokenizer"}, "decoding": {"temperature": 0.2, "top_p": null, "top_k": null, "max_tokens": 256, "seed": 42}, "prompt_tokens": 141, "completion_tokens": 256, "total_tokens": 397, "token_count_source": "tokenizer", "diffusion_steps": null, "flops_estimate": null, "flops_arch": null, "flops_model_params": null, "flops_active_params": null, "tokens_non_final": 130, "tokens_reasoning": 0, "tokens_response": 130, "elapsed_seconds": 20.558749675750732, "judgement": "Uncategorized"}
{"id": "basket_sum_000591", "topic": "basket_sum", "subtopic": "decimal_prices", "prompt": "You’re buying 3 items: $0.99, $3.35, $7.00. About how much will you pay (before tax)?", "exact_value": 11.34, "model": "tiiuae/Falcon-H1-7B-Instruct", "provider": "transformers", "response": "альнымиются путем сложения процентов процентов процентов процентов процентов процентов процентов процентов процентов процентов процентов процентов процентов процентов процентов процентов процентов процентов процентов процентов процентов процентов процентов процентов процентов процентов процентов процентов процентов процентов процентов процентов процентов процентов процентов процентов процентов процентов процентов процентов процентов процентов процентов процентов процентов процентов процентов процентов процентов процентов процентов процентов процентов процентов процентов процентов процентов процентов процентов процентов процентов процентов процентов процентов процентов процентов процентов процентов процентов процентов процентов процентов процентов процентов процентов процентов процентов процентов процентов процентов процентов процентов процентов процентов процентов процентов процентов процентов процентов процентов процентов процентов процентов процентов процентов процентов процентов процентов процентов процентов процентов процентов процентов процентов процентов процентов процентов процентов процентов процентов процентов процентов процентов процентов процентов процентов процентов процентов процентов процентов процентов процентов процентов процентов процентов процентов процентов процентов процентов процентов процентов процентов процентов процентов процентов процентов процентов процентов процентов процентов процентов процентов процентов процентов процентов процентов процентов процентов процентов процентов процентов процентов процентов процентов процентов процентов процентов процентов процентов процентов процентов процентов процентов процентов процентов процентов процентов процентов процентов процентов процентов процентов процентов процентов процентов процентов процентов процентов процентов процентов процентов процентов процентов процентов процентов процентов процентов процентов процентов процентов процентов процентов процентов процентов процентов процентов процентов процентов процентов процентов процентов процентов процентов процентов процентов процентов процентов процентов процентов процентов процентов процентов процентов процентов процентов процентов процентов процентов процентов процентов процентов процентов процентов процентов процентов процентов процентов процентов процентов процентов процентов процентов процентов процентов процентов процентов процентов процентов процентов процентов процентов процентов процентов процентов процентов процентов процентов процентов процентов процентов процентов", "numeric_answer": null, "relative_error": null, "thinking_text": null, "has_tool_call": false, "tool_call": null, "usage": {"prompt_tokens": 117, "completion_tokens": 256, "total_tokens": 373, "token_count_source": "tokenizer"}, "decoding": {"temperature": 0.2, "top_p": null, "top_k": null, "max_tokens": 256, "seed": 42}, "prompt_tokens": 117, "completion_tokens": 256, "total_tokens": 373, "token_count_source": "tokenizer", "diffusion_steps": null, "flops_estimate": null, "flops_arch": null, "flops_model_params": null, "flops_active_params": null, "tokens_non_final": 254, "tokens_reasoning": 0, "tokens_response": 254, "elapsed_seconds": 18.70898962020874, "judgement": "Uncategorized"}
{"id": "basket_sum_000611", "topic": "basket_sum", "subtopic": "decimal_prices", "prompt": "You’re buying 5 items: $18.98, $19.99, $18.20, $16.09, $3.27. About how much will you pay (before tax)?", "exact_value": 76.53, "model": "tiiuae/Falcon-H1-7B-Instruct", "provider": "transformers", "response": "альными расчетами суммы процентовируем процентов согласно стоимости каждого товара согласно приведенным даннымируем согласно стоимости каждого товара согласно приведенным даннымируем согласно стоимости каждого товара согласно приведенным даннымируем согласно стоимости каждого товара согласно приведенным даннымируем согласно стоимости каждого товара согласно приведенным даннымируем согласно стоимости каждого товара согласно приведенным даннымируем согласно стоимости каждого товара согласно приведенным даннымируем согласно стоимости каждого товара согласно приведенным даннымируем согласно стоимости каждого товара согласно приведенным даннымируем согласно стоимости каждого товара согласно приведенным даннымируем согласно стоимости каждого товара согласно приведенным даннымируем согласно стоимости каждого товара согласно приведенным даннымируем согласно стоимости каждого товара согласно приведенным даннымируем согласно стоимости каждого товации согласно приведенным даннымируем согласно стоимости каждого товации согласно приведеннымальным согласно стоимости каждого товации согласно приведеннымальным согласно стоимостиального согласно приведеннымальным согласно стоимостиального согласно приведеннымальным согласно стоимостиальному согласно приведеннымальным согласно стоимостиальному согласно приведеннымальным согласно стоимостиальному согласно приведеннымальным согласно стоимостиальному согласно приведеннымальным согласно стоимостиальному согласно приведеннымальным согласно стоимостиальному согласно приведеннымальным согласно стоимостиальному согласно приведеннымальным согласно стоимостиальному согласно приведеннымальным согласно стоимостиальному согласно приведеннымальным согласно стоимостиальному согласно приведеннымальным согласно стоимостиальному согласно приведеннымальным", "numeric_answer": null, "relative_error": null, "thinking_text": null, "has_tool_call": false, "tool_call": null, "usage": {"prompt_tokens": 135, "completion_tokens": 256, "total_tokens": 391, "token_count_source": "tokenizer"}, "decoding": {"temperature": 0.2, "top_p": null, "top_k": null, "max_tokens": 256, "seed": 42}, "prompt_tokens": 135, "completion_tokens": 256, "total_tokens": 391, "token_count_source": "tokenizer", "diffusion_steps": null, "flops_estimate": null, "flops_arch": null, "flops_model_params": null, "flops_active_params": null, "tokens_non_final": 167, "tokens_reasoning": 0, "tokens_response": 167, "elapsed_seconds": 20.26278281211853, "judgement": "Uncategorized"}
{"id": "basket_sum_000631", "topic": "basket_sum", "subtopic": "decimal_prices", "prompt": "You’re buying 6 items: $6.60, $16.40, $12.63, $14.05, $19.28, $13.75. About how much will you pay (before tax)?", "exact_value": 82.71, "model": "tiiuae/Falcon-H1-7B-Instruct", "provider": "transformers", "response": "ацииируем суммы всех процентовируемые суммы согласно списку процентовируемые суммы согласно списку процентовируемые суммы согласно списку процентовируемые суммы согласно списку процентовируемые суммы согласно списку процентовируемые суммы согласно списку процентовируемые суммы согласно списку процентовируемые суммы согласно списку процентовируемые суммы согласно списку процентовируемые суммы согласно списку процентовируемые суммы согласно списку процентовируемые суммы согласно списку процентовируемые суммы согласно списку процентовируемые суммы согласно списку процентовируемые суммы согласно списку процентовируемые суммы согласно списку процентовируемые суммы согласно списку процентовируемые суммы согласно списку процентовируемые суммы согласно списку процентовируемые суммы согласно списку процентовируемые суммы согласно списку процентовируемые суммы согласно списку процентовируемые суммы согласно списку процентовируемые суммы согласно списку процентовируемые суммы согласно списку процентовируемые суммы согласно списку процентовируемые суммы согласно списку процентовируемые суммы согласно списку процентовируемые суммы согласно списку процентовируемые суммы согласно списку процентовируемые суммы согласно списку процентовируемые суммы согласно списку процентовируемые суммы согласно списку процентовируемые суммы согласно списку процентовируемые суммы согласно списку процентовируемые суммы согласно списку", "numeric_answer": null, "relative_error": null, "thinking_text": null, "has_tool_call": false, "tool_call": null, "usage": {"prompt_tokens": 143, "completion_tokens": 256, "total_tokens": 399, "token_count_source": "tokenizer"}, "decoding": {"temperature": 0.2, "top_p": null, "top_k": null, "max_tokens": 256, "seed": 42}, "prompt_tokens": 143, "completion_tokens": 256, "total_tokens": 399, "token_count_source": "tokenizer", "diffusion_steps": null, "flops_estimate": null, "flops_arch": null, "flops_model_params": null, "flops_active_params": null, "tokens_non_final": 147, "tokens_reasoning": 0, "tokens_response": 147, "elapsed_seconds": 18.929072856903076, "judgement": "Uncategorized"}
{"id": "basket_sum_000651", "topic": "basket_sum", "subtopic": "decimal_prices", "prompt": "You’re buying 3 items: $14.35, $18.58, $9.20. About how much will you pay (before tax)?", "exact_value": 42.13, "model": "tiiuae/Falcon-H1-7B-Instruct", "provider": "transformers", "response": "альнымиются путем сложения процентов процентов процентов процентов процентов процентов процентов процентов процентов процентов процентов процентов процентов процентов процентов процентов процентов процентов процентов процентов процентов процентов процентов процентов процентов процентов процентов процентов процентов процентов процентов процентов процентов процентов процентов процентов процентов процентов процентов процентов процентов процентов процентов процентов процентов процентов процентов процентов процентов процентов процентов процентов процентов процентов процентов процентов процентов процентов процентов процентов процентов процентов процентов процентов процентов процентов процентов процентов процентов процентов процентов процентов процентов процентов процентов процентов процентов процентов процентов процентов процентов процентов процентов процентов процентов процентов процентов процентов процентов процентов процентов процентов процентов процентов процентов процентов процентов процентов процентов процентов процентов процентов процентов процентов процентов процентов процентов процентов процентов процентов процентов процентов процентов процентов процентов процентов процентов процентов процентов процентов процентов процентов процентов процентов процентов процентов процентов процентов процентов процентов процентов процентов процентов процентов процентов процентов процентов процентов процентов процентов процентов процентов процентов процентов процентов процентов процентов процентов процентов процентов процентов процентов процентов процентов процентов процентов процентов процентов процентов процентов процентов процентов процентов процентов процентов процентов процентов процентов процентов процентов процентов процентов процентов процентов процентов процентов процентов процентов процентов процентов процентов процентов процентов процентов процентов процентов процентов процентов процентов процентов процентов процентов процентов процентов процентов процентов процентов процентов процентов процентов процентов процентов процентов процентов процентов процентов процентов процентов процентов процентов процентов процентов процентов процентов процентов процентов процентов процентов процентов процентов процентов процентов процентов процентов процентов процентов процентов процентов процентов процентов процентов процентов процентов процентов процентов процентов процентов процентов процентов процентов процентов процентов процентов процентов процентов процентов процентов процентов процентов процентов процентов", "numeric_answer": null, "relative_error": null, "thinking_text": null, "has_tool_call": false, "tool_call": null, "usage": {"prompt_tokens": 119, "completion_tokens": 256, "total_tokens": 375, "token_count_source": "tokenizer"}, "decoding": {"temperature": 0.2, "top_p": null, "top_k": null, "max_tokens": 256, "seed": 42}, "prompt_tokens": 119, "completion_tokens": 256, "total_tokens": 375, "token_count_source": "tokenizer", "diffusion_steps": null, "flops_estimate": null, "flops_arch": null, "flops_model_params": null, "flops_active_params": null, "tokens_non_final": 254, "tokens_reasoning": 0, "tokens_response": 254, "elapsed_seconds": 19.601775884628296, "judgement": "Uncategorized"}
{"id": "basket_sum_000671", "topic": "basket_sum", "subtopic": "decimal_prices", "prompt": "You’re buying 5 items: $5.42, $15.65, $14.74, $19.74, $2.91. About how much will you pay (before tax)?", "exact_value": 58.46, "model": "tiiuae/Falcon-H1-7B-Instruct", "provider": "transformers", "response": "альнымиются путем сложения всех процентов процентов согласно приведенной информации насколько это возможно точно согласно заданию насколько это возможно точно согласно заданию насколько насколько насколько насколько насколько насколько насколько насколько насколько насколько насколько насколько насколько насколько насколько насколько насколько насколько насколько насколько насколько насколько насколько насколько насколько насколько насколько насколько насколько насколько насколько насколько насколько насколько насколько насколько насколько насколько насколько насколько насколько насколько насколько насколько насколько насколько насколько насколько насколько насколько насколько насколько насколько насколько насколько насколько насколько насколько насколько насколько насколько насколько насколько насколько насколько насколько насколько насколько насколько насколько насколько насколько насколько насколько насколько насколько насколько насколько насколько насколько насколько насколько насколько насколько насколько насколько насколько насколько насколько насколько насколько насколько насколько насколько насколько насколько насколько насколько насколько насколько насколько насколько насколько насколько насколько насколько насколько насколько насколько насколько насколько насколько насколько насколько насколько насколько насколько насколько насколько насколько насколько насколько насколько насколько насколько насколько насколько насколько насколько насколько насколько насколько насколько насколько насколько насколько насколько насколько насколько насколько насколько насколько насколько насколько насколько насколько насколько насколько насколько насколько насколько насколько насколько насколько насколько насколько насколько насколько насколько насколько насколько насколько насколько насколько насколько насколько насколько насколько насколько насколько насколько насколько насколько насколько насколько насколько насколько насколько насколько насколько насколько насколько насколько насколько насколько насколько насколько насколько насколько насколько насколько насколько насколько насколько насколько насколько насколько насколько насколько насколько насколько насколько насколько насколько насколько насколько насколько насколько насколько насколько насколько насколько насколько насколько насколько насколько насколько насколько насколько насколько насколько насколько насколько насколько насколько насколько насколько насколько насколько насколько", "numeric_answer": null, "relative_error": null, "thinking_text": null, "has_tool_call": false, "tool_call": null, "usage": {"prompt_tokens": 134, "completion_tokens": 256, "total_tokens": 390, "token_count_source": "tokenizer"}, "decoding": {"temperature": 0.2, "top_p": null, "top_k": null, "max_tokens": 256, "seed": 42}, "prompt_tokens": 134, "completion_tokens": 256, "total_tokens": 390, "token_count_source": "tokenizer", "diffusion_steps": null, "flops_estimate": null, "flops_arch": null, "flops_model_params": null, "flops_active_params": null, "tokens_non_final": 251, "tokens_reasoning": 0, "tokens_response": 251, "elapsed_seconds": 18.959723711013794, "judgement": "Uncategorized"}
{"id": "basket_sum_000691", "topic": "basket_sum", "subtopic": "decimal_prices", "prompt": "You’re buying 6 items: $8.22, $18.07, $7.30, $1.67, $13.66, $9.30. About how much will you pay (before tax)?", "exact_value": 58.22, "model": "tiiuae/Falcon-H1-7B-Instruct", "provider": "transformers", "response": "альнымиются суммы процентов согласно условиюлирование процентов согласно условиюлирование процентов согласно условиюлирование процентов согласно условиюлирование процентов согласно условиюлирование процентов согласно условиюлирование процентов согласно условиюлирование процентов согласно условиюлирование процентов согласно условиюлирование процентов согласно условиюлирование процентов согласно условиюлирование процентов согласно условиюлирование процентов согласно условиюлирование процентов согласно условиюлирование процентов согласно условиюлирование процентов согласно условиюлирование процентов согласно условиюлирование процентов согласно условиюлирование процентов согласно условиюлирование процентов согласно условиюлирование процентов согласно условиюлирование процентов согласно условиюлирование процентов согласно условиюлирование процентов согласно условиюлирование процентов согласно условиюлирование процентов согласно условиюлирование процентов согласно условиюлирование процентов согласно условиюлирование процентов согласно условиюлирование процентов согласно условиюлирование процентов согласно условиюлирование процентов согласно условиюлирование процентов согласно условиюлирование процентов согласно условиюлирование процентов согласно условиюлирование процентов согласно условиюлирование процентов согласно условиюлирование процентов согласно условиюлирование процентов согласно условиюлирование процентов согласно условиюлирование процентов согласно условиюлирование процентов согласно условиюлирование процентов", "numeric_answer": null, "relative_error": null, "thinking_text": null, "has_tool_call": false, "tool_call": null, "usage": {"prompt_tokens": 140, "completion_tokens": 256, "total_tokens": 396, "token_count_source": "tokenizer"}, "decoding": {"temperature": 0.2, "top_p": null, "top_k": null, "max_tokens": 256, "seed": 42}, "prompt_tokens": 140, "completion_tokens": 256, "total_tokens": 396, "token_count_source": "tokenizer", "diffusion_steps": null, "flops_estimate": null, "flops_arch": null, "flops_model_params": null, "flops_active_params": null, "tokens_non_final": 129, "tokens_reasoning": 0, "tokens_response": 129, "elapsed_seconds": 18.88033413887024, "judgement": "Uncategorized"}
{"id": "basket_sum_000711", "topic": "basket_sum", "subtopic": "decimal_prices", "prompt": "You’re buying 3 items: $16.39, $19.24, $12.71. About how much will you pay (before tax)?", "exact_value": 48.34, "model": "tiiuae/Falcon-H1-7B-Instruct", "provider": "transformers", "response": "ацииируем суммы процентов путем их сложения согласно приведенной информации насколько точно насколько возможно согласно правилам системы насколько точно насколько возможно согласно правилальнымируя суммы процентов путем их сложения согласно приведеннойацииируем суммы процентов путем их сложения согласно приведеннойацииируем суммы процентов путем ихацииируем суммы процентов путемацииируем суммы процентов путемацииируем суммы процентов путемацииируем суммы процентов путемацииируем суммы процентов путемацииируем суммы процентов путемацииируем суммы процентов путемацииируем суммы процентов путемацииируем суммы процентов путемацииируем суммы процентов путемацииируем суммы процентов путемацииируем суммы процентов путемацииируем суммы процентов путемацииируем суммы процентов путемацииируем суммы процентов путемацииируем суммы процентов путемацииируем суммы процентов путемацииируем суммы процентов путемацииируем суммы процентов путемацииируем суммы процентов путемацииируем суммы процентов путемацииируем суммы процентов путемацииируем суммы процентов путемацииируем суммы процентов путемацииируем суммы процентов путемацииируем суммы процентов путемацииируем суммы процентов путемацииируем суммы процентов путемацииируем суммы процентов путемацииируем суммы процентов путемацииируем суммы процентов путемацииируем суммы процентов путемацииируем суммы процентов путемацииируем суммы процентов путемацииируем суммы процентов путемацииируем суммы процентов путемацииируем суммы процентов путемацииируем суммы процентов путемацииируем суммы процентов путемацииируем суммы процентов путемацииируем", "numeric_answer": null, "relative_error": null, "thinking_text": null, "has_tool_call": false, "tool_call": null, "usage": {"prompt_tokens": 120, "completion_tokens": 256, "total_tokens": 376, "token_count_source": "tokenizer"}, "decoding": {"temperature": 0.2, "top_p": null, "top_k": null, "max_tokens": 256, "seed": 42}, "prompt_tokens": 120, "completion_tokens": 256, "total_tokens": 376, "token_count_source": "tokenizer", "diffusion_steps": null, "flops_estimate": null, "flops_arch": null, "flops_model_params": null, "flops_active_params": null, "tokens_non_final": 160, "tokens_reasoning": 0, "tokens_response": 160, "elapsed_seconds": 18.667149782180786, "judgement": "Uncategorized"}
{"id": "basket_sum_000731", "topic": "basket_sum", "subtopic": "decimal_prices", "prompt": "You’re buying 3 items: $17.18, $6.99, $17.00. About how much will you pay (before tax)?", "exact_value": 41.17, "model": "tiiuae/Falcon-H1-7B-Instruct", "provider": "transformers", "response": "ацииированы путем сложения всех процентов процентов согласно приведенным значениям процентов процентов процентов процентов процентов процентов процентов процентов процентов процентов процентов процентов процентов процентов процентов процентов процентов процентов процентов процентов процентов процентов процентов процентов процентов процентов процентов процентов процентов процентов процентов процентов процентов процентов процентов процентов процентов процентов процентов процентов процентов процентов процентов процентов процентов процентов процентов процентов процентов процентов процентов процентов процентов процентов процентов процентов процентов процентов процентов процентов процентов процентов процентов процентов процентов процентов процентов процентов процентов процентов процентов процентов процентов процентов процентов процентов процентов процентов процентов процентов процентов процентов процентов процентов процентов процентов процентов процентов процентов процентов процентов процентов процентов процентов процентов процентов процентов процентов процентов процентов процентов процентов процентов процентов процентов процентов процентов процентов процентов процентов процентов процентов процентов процентов процентов процентов процентов процентов процентов процентов процентов процентов процентов процентов процентов процентов процентов процентов процентов процентов процентов процентов процентов процентов процентов процентов процентов процентов процентов процентов процентов процентов процентов процентов процентов процентов процентов процентов процентов процентов процентов процентов процентов процентов процентов процентов процентов процентов процентов процентов процентов процентов процентов процентов процентов процентов процентов процентов процентов процентов процентов процентов процентов процентов процентов процентов процентов процентов процентов процентов процентов процентов процентов процентов процентов процентов процентов процентов процентов процентов процентов процентов процентов процентов процентов процентов процентов процентов процентов процентов процентов процентов процентов процентов процентов процентов процентов процентов процентов процентов процентов процентов процентов процентов процентов процентов процентов процентов процентов процентов процентов процентов процентов процентов процентов процентов процентов процентов процентов процентов процентов процентов процентов процентов процентов процентов процентов процентов процентов процентов процентов процентов процентов", "numeric_answer": null, "relative_error": null, "thinking_text": null, "has_tool_call": false, "tool_call": null, "usage": {"prompt_tokens": 119, "completion_tokens": 256, "total_tokens": 375, "token_count_source": "tokenizer"}, "decoding": {"temperature": 0.2, "top_p": null, "top_k": null, "max_tokens": 256, "seed": 42}, "prompt_tokens": 119, "completion_tokens": 256, "total_tokens": 375, "token_count_source": "tokenizer", "diffusion_steps": null, "flops_estimate": null, "flops_arch": null, "flops_model_params": null, "flops_active_params": null, "tokens_non_final": 252, "tokens_reasoning": 0, "tokens_response": 252, "elapsed_seconds": 19.08051037788391, "judgement": "Uncategorized"}
{"id": "basket_sum_000751", "topic": "basket_sum", "subtopic": "decimal_prices", "prompt": "You’re buying 6 items: $6.72, $7.37, $7.87, $0.95, $12.05, $13.81. About how much will you pay (before tax)?", "exact_value": 48.77, "model": "tiiuae/Falcon-H1-7B-Instruct", "provider": "transformers", "response": "ацииируем суммы всех процентов путем сложения чисел согласно приведенным данным процентов процентов процентов процентов процентов процентов процентов процентов процентов процентов процентов процентов процентов процентов процентов процентов процентов процентов процентов процентов процентов процентов процентов процентов процентов процентов процентов процентов процентов процентов процентов процентов процентов процентов процентов процентов процентов процентов процентов процентов процентов процентов процентов процентов процентов процентов процентов процентов процентов процентов процентов процентов процентов процентов процентов процентов процентов процентов процентов процентов процентов процентов процентов процентов процентов процентов процентов процентов процентов процентов процентов процентов процентов процентов процентов процентов процентов процентов процентов процентов процентов процентов процентов процентов процентов процентов процентов процентов процентов процентов процентов процентов процентов процентов процентов процентов процентов процентов процентов процентов процентов процентов процентов процентов процентов процентов процентов процентов процентов процентов процентов процентов процентов процентов процентов процентов процентов процентов процентов процентов процентов процентов процентов процентов процентов процентов процентов процентов процентов процентов процентов процентов процентов процентов процентов процентов процентов процентов процентов процентов процентов процентов процентов процентов процентов процентов процентов процентов процентов процентов процентов процентов процентов процентов процентов процентов процентов процентов процентов процентов процентов процентов процентов процентов процентов процентов процентов процентов процентов процентов процентов процентов процентов процентов процентов процентов процентов процентов процентов процентов процентов процентов процентов процентов процентов процентов процентов процентов процентов процентов процентов процентов процентов процентов процентов процентов процентов процентов процентов процентов процентов процентов процентов процентов процентов процентов процентов процентов процентов процентов процентов процентов процентов процентов процентов процентов процентов процентов процентов процентов процентов процентов процентов процентов процентов процентов процентов процентов процентов процентов процентов процентов процентов процентов процентов процентов процентов процентов процентов процентов процентов процентов", "numeric_answer": null, "relative_error": null, "thinking_text": null, "has_tool_call": false, "tool_call": null, "usage": {"prompt_tokens": 140, "completion_tokens": 256, "total_tokens": 396, "token_count_source": "tokenizer"}, "decoding": {"temperature": 0.2, "top_p": null, "top_k": null, "max_tokens": 256, "seed": 42}, "prompt_tokens": 140, "completion_tokens": 256, "total_tokens": 396, "token_count_source": "tokenizer", "diffusion_steps": null, "flops_estimate": null, "flops_arch": null, "flops_model_params": null, "flops_active_params": null, "tokens_non_final": 252, "tokens_reasoning": 0, "tokens_response": 252, "elapsed_seconds": 19.35907006263733, "judgement": "Uncategorized"}
{"id": "basket_sum_000771", "topic": "basket_sum", "subtopic": "decimal_prices", "prompt": "You’re buying 4 items: $10.56, $15.22, $13.18, $10.57. About how much will you pay (before tax)?", "exact_value": 49.53, "model": "tiiuae/Falcon-H1-7B-Instruct", "provider": "transformers", "response": "ацииируем суммы процентов путем сложения всех процентов процентов процентов процентов процентов процентов процентов процентов процентов процентов процентов процентов процентов процентов процентов процентов процентов процентов процентов процентов процентов процентов процентов процентов процентов процентов процентов процентов процентов процентов процентов процентов процентов процентов процентов процентов процентов процентов процентов процентов процентов процентов процентов процентов процентов процентов процентов процентов процентов процентов процентов процентов процентов процентов процентов процентов процентов процентов процентов процентов процентов процентов процентов процентов процентов процентов процентов процентов процентов процентов процентов процентов процентов процентов процентов процентов процентов процентов процентов процентов процентов процентов процентов процентов процентов процентов процентов процентов процентов процентов процентов процентов процентов процентов процентов процентов процентов процентов процентов процентов процентов процентов процентов процентов процентов процентов процентов процентов процентов процентов процентов процентов процентов процентов процентов процентов процентов процентов процентов процентов процентов процентов процентов процентов процентов процентов процентов процентов процентов процентов процентов процентов процентов процентов процентов процентов процентов процентов процентов процентов процентов процентов процентов процентов процентов процентов процентов процентов процентов процентов процентов процентов процентов процентов процентов процентов процентов процентов процентов процентов процентов процентов процентов процентов процентов процентов процентов процентов процентов процентов процентов процентов процентов процентов процентов процентов процентов процентов процентов процентов процентов процентов процентов процентов процентов процентов процентов процентов процентов процентов процентов процентов процентов процентов процентов процентов процентов процентов процентов процентов процентов процентов процентов процентов процентов процентов процентов процентов процентов процентов процентов процентов процентов процентов процентов процентов процентов процентов процентов процентов процентов процентов процентов процентов процентов процентов процентов процентов процентов процентов процентов процентов процентов процентов процентов процентов процентов процентов процентов процентов процентов процентов процентов процентов процентов процентов процентов процентов", "numeric_answer": null, "relative_error": null, "thinking_text": null, "has_tool_call": false, "tool_call": null, "usage": {"prompt_tokens": 128, "completion_tokens": 256, "total_tokens": 384, "token_count_source": "tokenizer"}, "decoding": {"temperature": 0.2, "top_p": null, "top_k": null, "max_tokens": 256, "seed": 42}, "prompt_tokens": 128, "completion_tokens": 256, "total_tokens": 384, "token_count_source": "tokenizer", "diffusion_steps": null, "flops_estimate": null, "flops_arch": null, "flops_model_params": null, "flops_active_params": null, "tokens_non_final": 254, "tokens_reasoning": 0, "tokens_response": 254, "elapsed_seconds": 19.09335446357727, "judgement": "Uncategorized"}
{"id": "basket_sum_000791", "topic": "basket_sum", "subtopic": "decimal_prices", "prompt": "You’re buying 5 items: $7.05, $1.24, $15.87, $18.50, $3.74. About how much will you pay (before tax)?", "exact_value": 46.4, "model": "tiiuae/Falcon-H1-7B-Instruct", "provider": "transformers", "response": "альными расчетами суммы всех процентовируем процентовируем процентовируем процентовируем процентовируем процентовируем процентовируем процентовируем процентовируем процентовируем процентовируем процентовируем процентовируем процентовируем процентовируем процентовируем процентовируем процентовируем процентовируем процентовируем процентовируем процентовируем процентовируем процентовируем процентовируем процентовируем процентовируем процентовируем процентовируем процентовируем процентовируем процентовируем процентовируем процентовируем процентовируем процентовируем процентовируем процентовируем процентовируем процентовируем процентовируем процентовируем процентовируем процентовируем процентовируем процентовируем процентовируем процентовируем процентовируем процентовируем процентовируем процентовируем процентовируем процентовируем процентовируем процентовируем процентовируем процентовируем процентовируем процентовируем процентовируем процентовируем процентовируем процентовируем процентовируем процентовируем процентовируем процентовируем процентовируем процентовируем процентовируем процентовируем процентовируем процентовируем процентовируем процентовируем процентовируем процентовируем процентовируем процентовируем процентовируем процентовируем процентовируем процентовируем процентовируем процентовируем процентовируем процентовируем процентовируем процентовируем процентовируем процентовируем процентовируем процентовируем процентовируем процентовируем процентовируем процентовируем процентовируем процентовируем процентовируем процентовируем процентовируем процентовируем процентовируем процентовируем процентовируем процентовируем процентовируем процентовируем процентовируем процентовируем процентовируем процентовируем процентовируем процентовируем процентовируем процентовируем процентовируем процентовируем процентовируем процентовируем процентовируем процентовируем процентовируем процентов", "numeric_answer": null, "relative_error": null, "thinking_text": null, "has_tool_call": false, "tool_call": null, "usage": {"prompt_tokens": 133, "completion_tokens": 256, "total_tokens": 389, "token_count_source": "tokenizer"}, "decoding": {"temperature": 0.2, "top_p": null, "top_k": null, "max_tokens": 256, "seed": 42}, "prompt_tokens": 133, "completion_tokens": 256, "total_tokens": 389, "token_count_source": "tokenizer", "diffusion_steps": null, "flops_estimate": null, "flops_arch": null, "flops_model_params": null, "flops_active_params": null, "tokens_non_final": 130, "tokens_reasoning": 0, "tokens_response": 130, "elapsed_seconds": 18.900949954986572, "judgement": "Uncategorized"}
{"id": "basket_sum_000811", "topic": "basket_sum", "subtopic": "decimal_prices", "prompt": "You’re buying 4 items: $7.07, $15.16, $10.10, $2.10. About how much will you pay (before tax)?", "exact_value": 34.43, "model": "tiiuae/Falcon-H1-7B-Instruct", "provider": "transformers", "response": "ацииацияируетаются путем сложения процентов согласно стоимости каждого предмета согласно приведенной информации насколько это возможно точно согласно процентов насколько это возможно насколько точно насколько возможно согласно процентов насколько возможно насколько точно насколько возможно согласно процентов насколько возможно насколько точно насколько возможно согласно процентов насколько возможно насколько точно насколько возможно согласно процентов насколько возможно насколько точно насколько возможно согласно процентов насколько возможно насколько точно насколько возможно согласно процентов насколько возможно насколько точно насколько возможно согласно процентов насколько возможно насколько точно насколько возможно согласно процентов насколько возможно насколько точно насколько возможно согласно процентов насколько возможно насколько точно насколько возможно согласно процентов насколько возможно насколько точно насколько возможно согласно процентов насколько возможно насколько точно насколько возможно согласно процентов насколько возможно насколько точно насколько возможно согласно процентов насколько возможно насколько точно насколько возможно согласно процентов насколько возможно насколько точно насколько возможно согласно процентов насколько возможно насколько точно насколько возможно согласно процентов насколько возможно насколько точно насколько возможно согласно процентов насколько возможно насколько точно насколько возможно согласно процентов насколько возможно насколько точно насколько возможно согласно процентов насколько возможно насколько точно насколько возможно согласно процентов насколько возможно насколько точно насколько возможно согласно процентов насколько возможно насколько точно насколько возможно согласно процентов насколько возможно насколько точно насколько возможно согласно процентов насколько возможно насколько точно насколько возможно согласно процентов насколько возможно насколько точно насколько возможно согласно процентов насколько возможно насколько точно насколько возможно согласно процентов насколько возможно насколько точно насколько возможно согласно процентов насколько возможно насколько точно насколько возможно согласно процентов насколько возможно насколько точно насколько возможно согласно", "numeric_answer": null, "relative_error": null, "thinking_text": null, "has_tool_call": false, "tool_call": null, "usage": {"prompt_tokens": 126, "completion_tokens": 256, "total_tokens": 382, "token_count_source": "tokenizer"}, "decoding": {"temperature": 0.2, "top_p": null, "top_k": null, "max_tokens": 256, "seed": 42}, "prompt_tokens": 126, "completion_tokens": 256, "total_tokens": 382, "token_count_source": "tokenizer", "diffusion_steps": null, "flops_estimate": null, "flops_arch": null, "flops_model_params": null, "flops_active_params": null, "tokens_non_final": 249, "tokens_reasoning": 0, "tokens_response": 249, "elapsed_seconds": 19.43339204788208, "judgement": "Uncategorized"}
{"id": "basket_sum_000831", "topic": "basket_sum", "subtopic": "decimal_prices", "prompt": "You’re buying 6 items: $8.13, $13.09, $5.25, $12.07, $19.77, $5.26. About how much will you pay (before tax)?", "exact_value": 63.57, "model": "tiiuae/Falcon-H1-7B-Instruct", "provider": "transformers", "response": "альными расчетами суммы всех процентов получаем примерно следующее значение процентов процентов процентов процентов процентов процентов процентов процентов процентов процентов процентов процентов процентов процентов процентов процентов процентов процентов процентов процентов процентов процентов процентов процентов процентов процентов процентов процентов процентов процентов процентов процентов процентов процентов процентов процентов процентов процентов процентов процентов процентов процентов процентов процентов процентов процентов процентов процентов процентов процентов процентов процентов процентов процентов процентов процентов процентов процентов процентов процентов процентов процентов процентов процентов процентов процентов процентов процентов процентов процентов процентов процентов процентов процентов процентов процентов процентов процентов процентов процентов процентов процентов процентов процентов процентов процентов процентов процентов процентов процентов процентов процентов процентов процентов процентов процентов процентов процентов процентов процентов процентов процентов процентов процентов процентов процентов процентов процентов процентов процентов процентов процентов процентов процентов процентов процентов процентов процентов процентов процентов процентов процентов процентов процентов процентов процентов процентов процентов процентов процентов процентов процентов процентов процентов процентов процентов процентов процентов процентов процентов процентов процентов процентов процентов процентов процентов процентов процентов процентов процентов процентов процентов процентов процентов процентов процентов процентов процентов процентов процентов процентов процентов процентов процентов процентов процентов процентов процентов процентов процентов процентов процентов процентов процентов процентов процентов процентов процентов процентов процентов процентов процентов процентов процентов процентов процентов процентов процентов процентов процентов процентов процентов процентов процентов процентов процентов процентов процентов процентов процентов процентов процентов процентов процентов процентов процентов процентов процентов процентов процентов процентов процентов процентов процентов процентов процентов процентов процентов процентов процентов процентов процентов процентов процентов процентов процентов процентов процентов процентов процентов процентов процентов процентов процентов процентов процентов процентов процентов процентов процентов процентов процентов процентов", "numeric_answer": null, "relative_error": null, "thinking_text": null, "has_tool_call": false, "tool_call": null, "usage": {"prompt_tokens": 141, "completion_tokens": 256, "total_tokens": 397, "token_count_source": "tokenizer"}, "decoding": {"temperature": 0.2, "top_p": null, "top_k": null, "max_tokens": 256, "seed": 42}, "prompt_tokens": 141, "completion_tokens": 256, "total_tokens": 397, "token_count_source": "tokenizer", "diffusion_steps": null, "flops_estimate": null, "flops_arch": null, "flops_model_params": null, "flops_active_params": null, "tokens_non_final": 252, "tokens_reasoning": 0, "tokens_response": 252, "elapsed_seconds": 19.692989349365234, "judgement": "Uncategorized"}
{"id": "basket_sum_000851", "topic": "basket_sum", "subtopic": "decimal_prices", "prompt": "You’re buying 6 items: $6.70, $19.75, $2.16, $17.78, $19.85, $3.18. About how much will you pay (before tax)?", "exact_value": 69.42, "model": "tiiuae/Falcon-H1-7B-Instruct", "provider": "transformers", "response": "ацииируем суммы всехposten путем сложения процентовируетируем суммы всехposten путем сложения процентовируетируем суммы всехposten путем сложения процентовируетируем суммы всехposten путем сложения процентовируетируем суммы всехposten путем сложения процентовируетируем суммы всехposten путем сложения процентовируетируем суммы всехposten путем сложения процентовируетируем суммы всехposten путем сложения процентовируетируем суммы всехposten путем сложения процентовируетируем суммы всехposten путем сложения процентовируетируем суммы всехposten путем сложения процентовируетируем суммы всехposten путем сложения процентовируетируем суммы всехposten путем сложения процентовируетируем суммы всехposten путем сложения процентовируетируем суммы всехposten путем сложения процентовируетируем суммы всехposten путем сложения процентовируетируем суммы всехposten путем сложения процентовируетируем суммы всехposten путем сложения процентовируетируем суммы всехposten путем сложения процентовируетируем суммы всехposten путем сложения процентовируетируем суммы всехposten путем сложения процентовируетируем суммы всехposten путем сложения процентовируетируем суммуируем суммы процентов путем сложения процентовируетируем суммы процентов путем сложения процентовируетируем суммы процентов путем сложения процентовируетируем суммы процентов путем сложения процентовируетируем суммы процентов путем сложения процентовируетируем суммы процентов путем сложения процентовируетируем суммы процентов путем сложения процентов", "numeric_answer": null, "relative_error": null, "thinking_text": null, "has_tool_call": false, "tool_call": null, "usage": {"prompt_tokens": 141, "completion_tokens": 256, "total_tokens": 397, "token_count_source": "tokenizer"}, "decoding": {"temperature": 0.2, "top_p": null, "top_k": null, "max_tokens": 256, "seed": 42}, "prompt_tokens": 141, "completion_tokens": 256, "total_tokens": 397, "token_count_source": "tokenizer", "diffusion_steps": null, "flops_estimate": null, "flops_arch": null, "flops_model_params": null, "flops_active_params": null, "tokens_non_final": 147, "tokens_reasoning": 0, "tokens_response": 147, "elapsed_seconds": 19.577012538909912, "judgement": "Uncategorized"}
{"id": "basket_sum_000871", "topic": "basket_sum", "subtopic": "decimal_prices", "prompt": "You’re buying 5 items: $19.98, $16.47, $18.86, $13.56, $8.06. About how much will you pay (before tax)?", "exact_value": 76.93, "model": "tiiuae/Falcon-H1-7B-Instruct", "provider": "transformers", "response": "�альное решение согласно правилальным указаниямируетаются исключительно числовыми значениями согласно условию задачи насколько точно насколько возможно путем их суммирования насколько точно насколько возможно насколько точно насколько возможно насколько точно насколько возможно насколько точно насколько возможно насколько точно насколько возможно насколько точно насколько возможно насколько точно насколько возможно насколько точно насколько возможно насколько точно насколько возможно насколько точно насколько возможно насколько точно насколько возможно насколько точно насколько возможно насколько точно насколько возможно насколько точно насколько возможно насколько точно насколько возможно насколько точно насколько возможно насколько точно насколько возможно насколько точно насколько возможно насколько точно насколько возможно насколько точно насколько возможно насколько точно насколько возможно насколько точно насколько возможно насколько точно насколько возможно насколько точно насколько возможно насколько точно насколько возможно насколько точно насколько возможно насколько точно насколько возможно насколько точно насколько возможно насколько точно насколько возможно насколько точно насколько возможно насколько точно насколько возможно насколько точно насколько возможно насколько точно насколько возможно насколько точно насколько возможно насколько точно насколько возможно насколько точно насколько возможно насколько точно насколько возможно насколько точно насколько возможно насколько точно насколько возможно насколько точно насколько возможно насколько точно насколько возможно насколько точно насколько возможно насколько точно насколько возможно насколько точно насколько возможно насколько точно насколько возможно насколько точно насколько возможно насколько точно насколько возможно насколько точно насколько возможно насколько точно насколько возможно насколько точно насколько возможно насколько точно насколько возможно насколько точно насколько возможно насколько точно насколько возможно насколько точно насколько возможно насколько точно насколько возможно насколько точно насколько возможно насколько точно", "numeric_answer": null, "relative_error": null, "thinking_text": null, "has_tool_call": false, "tool_call": null, "usage": {"prompt_tokens": 135, "completion_tokens": 256, "total_tokens": 391, "token_count_source": "tokenizer"}, "decoding": {"temperature": 0.2, "top_p": null, "top_k": null, "max_tokens": 256, "seed": 42}, "prompt_tokens": 135, "completion_tokens": 256, "total_tokens": 391, "token_count_source": "tokenizer", "diffusion_steps": null, "flops_estimate": null, "flops_arch": null, "flops_model_params": null, "flops_active_params": null, "tokens_non_final": 244, "tokens_reasoning": 0, "tokens_response": 244, "elapsed_seconds": 19.476415634155273, "judgement": "Uncategorized"}
{"id": "basket_sum_000891", "topic": "basket_sum", "subtopic": "decimal_prices", "prompt": "You’re buying 5 items: $15.60, $16.10, $18.72, $3.22, $13.53. About how much will you pay (before tax)?", "exact_value": 67.17, "model": "tiiuae/Falcon-H1-7B-Instruct", "provider": "transformers", "response": "альнымиются путем сложения всех процентов процентов согласно списку процентов процентов согласно списку процентов процентов согласно списку процентов процентов согласно списку процентов процентов согласно списку процентов процентов согласно списку процентов процентов согласно списку процентов процентов согласно списку процентов процентов согласно списку процентов процентов согласно списку процентов процентов согласно списку процентов процентов согласно списку процентов процентов согласно списку процентов процентов согласно списку процентов процентов согласно списку процентов процентов согласно списку процентов процентов согласно списку процентов процентов согласно списку процентов процентов согласно списку процентов процентов согласно списку процентов процентов согласно списку процентов процентов согласно списку процентов процентов согласно списку процентов процентов согласно списку процентов процентов согласно списку процентов процентов согласно списку процентов процентов согласно списку процентов процентов согласно списку процентов процентов согласно списку процентов процентов согласно списку процентов процентов согласно списку процентов процентов согласно списку процентов процентов согласно списку процентов процентов согласно списку процентов процентов согласно списку процентов процентов согласно списку процентов процентов согласно списку процентов процентов согласно списку процентов процентов согласно списку процентов процентов согласно списку процентов процентов согласно списку процентов процентов согласно списку процентов процентов согласно списку процентов процентов согласно списку процентов процентов согласно списку процентов процентов согласно списку процентов процентов согласно списку процентов процентов согласно списку процентов процентов согласно списку процентов процентов согласно списку", "numeric_answer": null, "relative_error": null, "thinking_text": null, "has_tool_call": false, "tool_call": null, "usage": {"prompt_tokens": 135, "completion_tokens": 256, "total_tokens": 391, "token_count_source": "tokenizer"}, "decoding": {"temperature": 0.2, "top_p": null, "top_k": null, "max_tokens": 256, "seed": 42}, "prompt_tokens": 135, "completion_tokens": 256, "total_tokens": 391, "token_count_source": "tokenizer", "diffusion_steps": null, "flops_estimate": null, "flops_arch": null, "flops_model_params": null, "flops_active_params": null, "tokens_non_final": 204, "tokens_reasoning": 0, "tokens_response": 204, "elapsed_seconds": 20.057037830352783, "judgement": "Uncategorized"}
{"id": "basket_sum_000911", "topic": "basket_sum", "subtopic": "decimal_prices", "prompt": "You’re buying 5 items: $12.93, $9.34, $1.01, $3.03, $3.13. About how much will you pay (before tax)?", "exact_value": 29.44, "model": "tiiuae/Falcon-H1-7B-Instruct", "provider": "transformers", "response": "альнымиются суммы процентов согласно условиюлирование процентов согласно условиюлирование процентов согласно условиюлирование процентов согласно условиюлирование процентов согласно условиюлирование процентов согласно условиюлирование процентов согласно условиюлирование процентов согласно условиюлирование процентов согласно условиюлирование процентов согласно условиюлирование процентов согласно условиюлирование процентов согласно условиюлирование процентов согласно условиюлирование процентов согласно условиюлирование процентов согласно условиюлирование процентов согласно условиюлирование процентов согласно условиюлирование процентов согласно условиюлирование процентов согласно условиюлирование процентов согласно условиюлирование процентов согласно условиюлирование процентов согласно условиюлирование процентов согласно условиюлирование процентов согласно условиюлирование процентов согласно условиюлирование процентов согласно условиюлирование процентов согласно условиюлирование процентов согласно условиюлирование процентов согласно условиюлирование процентов согласно условиюлирование процентов согласно условиюлирование процентов согласно условиюлирование процентов согласно условиюлирование процентов согласно условиюлирование процентов согласно условиюлирование процентов согласно условиюлирование процентов согласно условиюлирование процентов согласно условиюлирование процентов согласно условиюлирование процентов согласно условиюлирование процентов согласно условиюлирование процентов согласно условиюлирование процентов", "numeric_answer": null, "relative_error": null, "thinking_text": null, "has_tool_call": false, "tool_call": null, "usage": {"prompt_tokens": 132, "completion_tokens": 256, "total_tokens": 388, "token_count_source": "tokenizer"}, "decoding": {"temperature": 0.2, "top_p": null, "top_k": null, "max_tokens": 256, "seed": 42}, "prompt_tokens": 132, "completion_tokens": 256, "total_tokens": 388, "token_count_source": "tokenizer", "diffusion_steps": null, "flops_estimate": null, "flops_arch": null, "flops_model_params": null, "flops_active_params": null, "tokens_non_final": 129, "tokens_reasoning": 0, "tokens_response": 129, "elapsed_seconds": 19.018449068069458, "judgement": "Uncategorized"}
{"id": "basket_sum_000931", "topic": "basket_sum", "subtopic": "decimal_prices", "prompt": "You’re buying 3 items: $7.76, $7.19, $6.04. About how much will you pay (before tax)?", "exact_value": 20.99, "model": "tiiuae/Falcon-H1-7B-Instruct", "provider": "transformers", "response": "альнымиются путем сложения процентов процентов процентов процентов процентов процентов процентов процентов процентов процентов процентов процентов процентов процентов процентов процентов процентов процентов процентов процентов процентов процентов процентов процентов процентов процентов процентов процентов процентов процентов процентов процентов процентов процентов процентов процентов процентов процентов процентов процентов процентов процентов процентов процентов процентов процентов процентов процентов процентов процентов процентов процентов процентов процентов процентов процентов процентов процентов процентов процентов процентов процентов процентов процентов процентов процентов процентов процентов процентов процентов процентов процентов процентов процентов процентов процентов процентов процентов процентов процентов процентов процентов процентов процентов процентов процентов процентов процентов процентов процентов процентов процентов процентов процентов процентов процентов процентов процентов процентов процентов процентов процентов процентов процентов процентов процентов процентов процентов процентов процентов процентов процентов процентов процентов процентов процентов процентов процентов процентов процентов процентов процентов процентов процентов процентов процентов процентов процентов процентов процентов процентов процентов процентов процентов процентов процентов процентов процентов процентов процентов процентов процентов процентов процентов процентов процентов процентов процентов процентов процентов процентов процентов процентов процентов процентов процентов процентов процентов процентов процентов процентов процентов процентов процентов процентов процентов процентов процентов процентов процентов процентов процентов процентов процентов процентов процентов процентов процентов процентов процентов процентов процентов процентов процентов процентов процентов процентов процентов процентов процентов процентов процентов процентов процентов процентов процентов процентов процентов процентов процентов процентов процентов процентов процентов процентов процентов процентов процентов процентов процентов процентов процентов процентов процентов процентов процентов процентов процентов процентов процентов процентов процентов процентов процентов процентов процентов процентов процентов процентов процентов процентов процентов процентов процентов процентов процентов процентов процентов процентов процентов процентов процентов процентов процентов процентов процентов процентов процентов процентов процентов процентов", "numeric_answer": null, "relative_error": null, "thinking_text": null, "has_tool_call": false, "tool_call": null, "usage": {"prompt_tokens": 117, "completion_tokens": 256, "total_tokens": 373, "token_count_source": "tokenizer"}, "decoding": {"temperature": 0.2, "top_p": null, "top_k": null, "max_tokens": 256, "seed": 42}, "prompt_tokens": 117, "completion_tokens": 256, "total_tokens": 373, "token_count_source": "tokenizer", "diffusion_steps": null, "flops_estimate": null, "flops_arch": null, "flops_model_params": null, "flops_active_params": null, "tokens_non_final": 254, "tokens_reasoning": 0, "tokens_response": 254, "elapsed_seconds": 18.49465584754944, "judgement": "Uncategorized"}
{"id": "basket_sum_000951", "topic": "basket_sum", "subtopic": "decimal_prices", "prompt": "You’re buying 3 items: $6.36, $10.07, $5.87. About how much will you pay (before tax)?", "exact_value": 22.3, "model": "tiiuae/Falcon-H1-7B-Instruct", "provider": "transformers", "response": "альнымиются суммы процентов процентов процентов процентов процентов процентов процентов процентов процентов процентов процентов процентов процентов процентов процентов процентов процентов процентов процентов процентов процентов процентов процентов процентов процентов процентов процентов процентов процентов процентов процентов процентов процентов процентов процентов процентов процентов процентов процентов процентов процентов процентов процентов процентов процентов процентов процентов процентов процентов процентов процентов процентов процентов процентов процентов процентов процентов процентов процентов процентов процентов процентов процентов процентов процентов процентов процентов процентов процентов процентов процентов процентов процентов процентов процентов процентов процентов процентов процентов процентов процентов процентов процентов процентов процентов процентов процентов процентов процентов процентов процентов процентов процентов процентов процентов процентов процентов процентов процентов процентов процентов процентов процентов процентов процентов процентов процентов процентов процентов процентов процентов процентов процентов процентов процентов процентов процентов процентов процентов процентов процентов процентов процентов процентов процентов процентов процентов процентов процентов процентов процентов процентов процентов процентов процентов процентов процентов процентов процентов процентов процентов процентов процентов процентов процентов процентов процентов процентов процентов процентов процентов процентов процентов процентов процентов процентов процентов процентов процентов процентов процентов процентов процентов процентов процентов процентов процентов процентов процентов процентов процентов процентов процентов процентов процентов процентов процентов процентов процентов процентов процентов процентов процентов процентов процентов процентов процентов процентов процентов процентов процентов процентов процентов процентов процентов процентов процентов процентов процентов процентов процентов процентов процентов процентов процентов процентов процентов процентов процентов процентов процентов процентов процентов процентов процентов процентов процентов процентов процентов процентов процентов процентов процентов процентов процентов процентов процентов процентов процентов процентов процентов процентов процентов процентов процентов процентов процентов процентов процентов процентов процентов процентов процентов процентов процентов процентов процентов процентов процентов процентов процентов процентов процентов", "numeric_answer": null, "relative_error": null, "thinking_text": null, "has_tool_call": false, "tool_call": null, "usage": {"prompt_tokens": 118, "completion_tokens": 256, "total_tokens": 374, "token_count_source": "tokenizer"}, "decoding": {"temperature": 0.2, "top_p": null, "top_k": null, "max_tokens": 256, "seed": 42}, "prompt_tokens": 118, "completion_tokens": 256, "total_tokens": 374, "token_count_source": "tokenizer", "diffusion_steps": null, "flops_estimate": null, "flops_arch": null, "flops_model_params": null, "flops_active_params": null, "tokens_non_final": 255, "tokens_reasoning": 0, "tokens_response": 255, "elapsed_seconds": 18.543715715408325, "judgement": "Uncategorized"}
{"id": "basket_sum_000971", "topic": "basket_sum", "subtopic": "decimal_prices", "prompt": "You’re buying 6 items: $10.87, $14.23, $19.61, $5.05, $8.97, $1.97. About how much will you pay (before tax)?", "exact_value": 60.7, "model": "tiiuae/Falcon-H1-7B-Instruct", "provider": "transformers", "response": "альнымиются суммы процентов согласно условиюлирования процентов согласно условиюлирования процентов согласно условиюлирования процентов согласно условиюлирования процентов согласно условиюлирования процентов согласно условиюлирования процентов согласно условиюлирования процентов согласно условиюлирования процентов согласно условиюлирования процентов согласно условиюлирования процентов согласно условиюлирования процентов согласно условиюлирования процентов согласно условиюлирования процентов согласно условиюлирования процентов согласно условиюлирования процентов согласно условиюлирования процентов согласно условиюлирования процентов согласно условиюлирования процентов согласно условиюлирования процентов согласно условиюлирования процентов согласно условиюлирования процентов согласно условиюлирования процентов согласно условиюлирования процентов согласно условиюлирования процентов согласно условиюлирования процентов согласно условиюлирования процентов согласно условиюлирования процентов согласно условиюлирования процентов согласно условиюлирования процентов согласно условиюлирования процентов согласно условиюлирования процентов согласно условиюлирования процентов согласно условиюлирования процентов согласно условиюлирования процентов согласно условиюлирования процентов согласно условиюлирования процентов согласно условиюлирования процентов согласно условиюлирования процентов согласно условиюлирования процентов согласно условиюлирования процентов согласно условиюлирования процентов согласно условиюлирования процентов", "numeric_answer": null, "relative_error": null, "thinking_text": null, "has_tool_call": false, "tool_call": null, "usage": {"prompt_tokens": 141, "completion_tokens": 256, "total_tokens": 397, "token_count_source": "tokenizer"}, "decoding": {"temperature": 0.2, "top_p": null, "top_k": null, "max_tokens": 256, "seed": 42}, "prompt_tokens": 141, "completion_tokens": 256, "total_tokens": 397, "token_count_source": "tokenizer", "diffusion_steps": null, "flops_estimate": null, "flops_arch": null, "flops_model_params": null, "flops_active_params": null, "tokens_non_final": 129, "tokens_reasoning": 0, "tokens_response": 129, "elapsed_seconds": 19.922119617462158, "judgement": "Uncategorized"}
{"id": "basket_sum_000991", "topic": "basket_sum", "subtopic": "decimal_prices", "prompt": "You’re buying 4 items: $11.05, $0.82, $7.46, $12.41. About how much will you pay (before tax)?", "exact_value": 31.74, "model": "tiiuae/Falcon-H1-7B-Instruct", "provider": "transformers", "response": "альнымиются путем сложения процентов процентов процентов процентов процентов процентов процентов процентов процентов процентов процентов процентов процентов процентов процентов процентов процентов процентов процентов процентов процентов процентов процентов процентов процентов процентов процентов процентов процентов процентов процентов процентов процентов процентов процентов процентов процентов процентов процентов процентов процентов процентов процентов процентов процентов процентов процентов процентов процентов процентов процентов процентов процентов процентов процентов процентов процентов процентов процентов процентов процентов процентов процентов процентов процентов процентов процентов процентов процентов процентов процентов процентов процентов процентов процентов процентов процентов процентов процентов процентов процентов процентов процентов процентов процентов процентов процентов процентов процентов процентов процентов процентов процентов процентов процентов процентов процентов процентов процентов процентов процентов процентов процентов процентов процентов процентов процентов процентов процентов процентов процентов процентов процентов процентов процентов процентов процентов процентов процентов процентов процентов процентов процентов процентов процентов процентов процентов процентов процентов процентов процентов процентов процентов процентов процентов процентов процентов процентов процентов процентов процентов процентов процентов процентов процентов процентов процентов процентов процентов процентов процентов процентов процентов процентов процентов процентов процентов процентов процентов процентов процентов процентов процентов процентов процентов процентов процентов процентов процентов процентов процентов процентов процентов процентов процентов процентов процентов процентов процентов процентов процентов процентов процентов процентов процентов процентов процентов процентов процентов процентов процентов процентов процентов процентов процентов процентов процентов процентов процентов процентов процентов процентов процентов процентов процентов процентов процентов процентов процентов процентов процентов процентов процентов процентов процентов процентов процентов процентов процентов процентов процентов процентов процентов процентов процентов процентов процентов процентов процентов процентов процентов процентов процентов процентов процентов процентов процентов процентов процентов процентов процентов процентов процентов процентов процентов процентов процентов процентов процентов процентов процентов", "numeric_answer": null, "relative_error": null, "thinking_text": null, "has_tool_call": false, "tool_call": null, "usage": {"prompt_tokens": 126, "completion_tokens": 256, "total_tokens": 382, "token_count_source": "tokenizer"}, "decoding": {"temperature": 0.2, "top_p": null, "top_k": null, "max_tokens": 256, "seed": 42}, "prompt_tokens": 126, "completion_tokens": 256, "total_tokens": 382, "token_count_source": "tokenizer", "diffusion_steps": null, "flops_estimate": null, "flops_arch": null, "flops_model_params": null, "flops_active_params": null, "tokens_non_final": 254, "tokens_reasoning": 0, "tokens_response": 254, "elapsed_seconds": 19.835079193115234, "judgement": "Uncategorized"}
{"id": "basket_sum_001011", "topic": "basket_sum", "subtopic": "decimal_prices", "prompt": "You’re buying 3 items: $10.23, $19.81, $5.10. About how much will you pay (before tax)?", "exact_value": 35.14, "model": "tiiuae/Falcon-H1-7B-Instruct", "provider": "transformers", "response": "ацииируютаются путем сложения процентов согласно стоимости каждого предмета согласно приведенной выше информации насколько это возможно насколько точно насколько возможно насколько точно насколько возможно насколько точно насколько возможно насколько точно насколько возможно насколько точно насколько возможно насколько точно насколько возможно насколько точно насколько возможно насколько точно насколько возможно насколько точно насколько возможно насколько точно насколько возможно насколько точно насколько возможно насколько точно насколько возможно насколько точно насколько возможно насколько точно насколько возможно насколько точно насколько возможно насколько точно насколько возможно насколько точно насколько возможно насколько точно насколько возможно насколько точно насколько возможно насколько точно насколько возможно насколько точно насколько возможно насколько точно насколько возможно насколько точно насколько возможно насколько точно насколько возможно насколько точно насколько возможно насколько точно насколько возможно насколько точно насколько возможно насколько точно насколько возможно насколько точно насколько возможно насколько точно насколько возможно насколько точно насколько возможно насколько точно насколько возможно насколько точно насколько возможно насколько точно насколько возможно насколько точно насколько возможно насколько точно насколько возможно насколько точно насколько возможно насколько точно насколько возможно насколько точно насколько возможно насколько точно насколько возможно насколько точно насколько возможно насколько точно насколько возможно насколько точно насколько возможно насколько точно насколько возможно насколькоются путем сложения процентов согласно стоимости каждого предаются путем сложения процентов согласно стоимостиального выражения насколько возможно насколько точно насколько возможно насколько точно насколько возможно насколько точно насколько возможно насколько точно насколько возможно насколько точно насколько возможно насколько точно насколько возможно насколько точно насколько возможно насколько точно насколько возможно насколько точно насколько возможно насколько", "numeric_answer": null, "relative_error": null, "thinking_text": null, "has_tool_call": false, "tool_call": null, "usage": {"prompt_tokens": 119, "completion_tokens": 256, "total_tokens": 375, "token_count_source": "tokenizer"}, "decoding": {"temperature": 0.2, "top_p": null, "top_k": null, "max_tokens": 256, "seed": 42}, "prompt_tokens": 119, "completion_tokens": 256, "total_tokens": 375, "token_count_source": "tokenizer", "diffusion_steps": null, "flops_estimate": null, "flops_arch": null, "flops_model_params": null, "flops_active_params": null, "tokens_non_final": 244, "tokens_reasoning": 0, "tokens_response": 244, "elapsed_seconds": 19.69751000404358, "judgement": "Uncategorized"}
{"id": "basket_sum_001031", "topic": "basket_sum", "subtopic": "decimal_prices", "prompt": "You’re buying 3 items: $12.39, $4.12, $3.87. About how much will you pay (before tax)?", "exact_value": 20.38, "model": "tiiuae/Falcon-H1-7B-Instruct", "provider": "transformers", "response": "альнымиальнымиальнымиальнымиальнымиальнымиальнымиальнымиальнымиальнымиальнымиальнымиальнымиальнымиальнымиальнымиальнымиальнымиальнымиальнымиальнымиальнымиальнымиальнымиальнымиальнымиальнымиальнымиальнымиальнымиальнымиальнымиальнымиальнымиальнымиальнымиальнымиальнымиальнымиальнымиальнымиальнымиальнымиальнымиальнымиальнымиальнымиальнымиальнымиальнымиальнымиальнымиальнымиальнымиальнымиальнымиальнымиальнымиальнымиальнымиальнымиальнымиальнымиальнымиальнымиальнымиальнымиальнымиальнымиальнымиальнымиальнымиальнымиальнымиальнымиальнымиальнымиальнымиальнымиальнымиальнымиальнымиальнымиальнымиальнымиальнымиальнымиальнымиальнымиальнымиальнымиальнымиальнымиальнымиальнымиальнымиальнымиальнымиальнымиальнымиальнымиальнымиальнымиальнымиальнымиальнымиальнымиальнымиальнымиальнымиальнымиальнымиальнымиальнымиальнымиальнымиальнымиальнымиальнымиальнымиальнымиальнымиальнымиальнымиальнымиальнымиальнымиальнымиальнымиальнымиальнымиальнымиальнымиальнымиальнымиальнымиальнымиальнымиальнымиальнымиальнымиальнымиальнымиальнымиальнымиальнымиальнымиальнымиальнымиальнымиальнымиальнымиальнымиальнымиальнымиальнымиальнымиальнымиальнымиальнымиальнымиальнымиальнымиальнымиальнымиальнымиальнымиальнымиальнымиальнымиальнымиальнымиальнымиальнымиальнымиальнымиальнымиальнымиальнымиальнымиальнымиальнымиальнымиальнымиальнымиальнымиальнымиальнымиальнымиальнымиальнымиальнымиальнымиальнымиальнымиальнымиальнымиальнымиальнымиальнымиальнымиальнымиальнымиальнымиальнымиальнымиальнымиальнымиальнымиальнымиальнымиальнымиальнымиальнымиальнымиальнымиальнымиальнымиальнымиальнымиальнымиальнымиальнымиальнымиальнымиальнымиальнымиальнымиальнымиальнымиальнымиальнымиальнымиальнымиальнымиальнымиальнымиальнымиальнымиальнымиальнымиальнымиальнымиальнымиальнымиальнымиальнымиальнымиальнымиальнымиальнымиальнымиальнымиальнымиальнымиальными", "numeric_answer": null, "relative_error": null, "thinking_text": null, "has_tool_call": false, "tool_call": null, "usage": {"prompt_tokens": 118, "completion_tokens": 256, "total_tokens": 374, "token_count_source": "tokenizer"}, "decoding": {"temperature": 0.2, "top_p": null, "top_k": null, "max_tokens": 256, "seed": 42}, "prompt_tokens": 118, "completion_tokens": 256, "total_tokens": 374, "token_count_source": "tokenizer", "diffusion_steps": null, "flops_estimate": null, "flops_arch": null, "flops_model_params": null, "flops_active_params": null, "tokens_non_final": 1, "tokens_reasoning": 0, "tokens_response": 1, "elapsed_seconds": 19.667728662490845, "judgement": "Uncategorized"}
{"id": "basket_sum_001051", "topic": "basket_sum", "subtopic": "decimal_prices", "prompt": "You’re buying 6 items: $2.66, $1.08, $15.50, $6.73, $17.45, $16.10. About how much will you pay (before tax)?", "exact_value": 59.52, "model": "tiiuae/Falcon-H1-7B-Instruct", "provider": "transformers", "response": "ацииируем суммы всех процентовируемые суммы согласно списку процентовируемые суммы согласно списку процентовируемые суммы согласно списку процентовируемые суммы согласно списку процентовируемые суммы согласно списку процентовируемые суммы согласно списку процентовируемые суммы согласно списку процентовируемые суммы согласно списку процентовируемые суммы согласно списку процентовируемые суммы согласно списку процентовируемые суммы согласно списку процентовируемые суммы согласно списку процентовируемые суммы согласно списку процентовируемые суммы согласно списку процентовируемые суммы согласно списку процентовируемые суммы согласно списку процентовируемые суммы согласно списку процентовируемые суммы согласно списку процентовируемые суммы согласно списку процентовируемые суммы согласно списку процентовируемые суммы согласно списку процентовируемые суммы согласно списку процентовируемые суммы согласно списку процентовируемые суммы согласно списку процентовируемые суммы согласно списку процентовируемые суммы согласно списку процентовируемые суммы согласно списку процентовируемые суммы согласно списку процентовируемые суммы согласно списку процентовируемые суммы согласно списку процентовируемые суммы согласно списку процентовируемые суммы согласно списку процентовируемые суммы согласно списку процентовируемые суммы согласно списку процентовируемые суммы согласно списку процентовируемые суммы согласно списку", "numeric_answer": null, "relative_error": null, "thinking_text": null, "has_tool_call": false, "tool_call": null, "usage": {"prompt_tokens": 141, "completion_tokens": 256, "total_tokens": 397, "token_count_source": "tokenizer"}, "decoding": {"temperature": 0.2, "top_p": null, "top_k": null, "max_tokens": 256, "seed": 42}, "prompt_tokens": 141, "completion_tokens": 256, "total_tokens": 397, "token_count_source": "tokenizer", "diffusion_steps": null, "flops_estimate": null, "flops_arch": null, "flops_model_params": null, "flops_active_params": null, "tokens_non_final": 147, "tokens_reasoning": 0, "tokens_response": 147, "elapsed_seconds": 19.320369243621826, "judgement": "Uncategorized"}
{"id": "basket_sum_001071", "topic": "basket_sum", "subtopic": "decimal_prices", "prompt": "You’re buying 4 items: $7.01, $19.73, $18.82, $15.05. About how much will you pay (before tax)?", "exact_value": 60.61, "model": "tiiuae/Falcon-H1-7B-Instruct", "provider": "transformers", "response": "альнымиются путем сложения всех процентов процентов процентов процентов процентов процентов процентов процентов процентов процентов процентов процентов процентов процентов процентов процентов процентов процентов процентов процентов процентов процентов процентов процентов процентов процентов процентов процентов процентов процентов процентов процентов процентов процентов процентов процентов процентов процентов процентов процентов процентов процентов процентов процентов процентов процентов процентов процентов процентов процентов процентов процентов процентов процентов процентов процентов процентов процентов процентов процентов процентов процентов процентов процентов процентов процентов процентов процентов процентов процентов процентов процентов процентов процентов процентов процентов процентов процентов процентов процентов процентов процентов процентов процентов процентов процентов процентов процентов процентов процентов процентов процентов процентов процентов процентов процентов процентов процентов процентов процентов процентов процентов процентов процентов процентов процентов процентов процентов процентов процентов процентов процентов процентов процентов процентов процентов процентов процентов процентов процентов процентов процентов процентов процентов процентов процентов процентов процентов процентов процентов процентов процентов процентов процентов процентов процентов процентов процентов процентов процентов процентов процентов процентов процентов процентов процентов процентов процентов процентов процентов процентов процентов процентов процентов процентов процентов процентов процентов процентов процентов процентов процентов процентов процентов процентов процентов процентов процентов процентов процентов процентов процентов процентов процентов процентов процентов процентов процентов процентов процентов процентов процентов процентов процентов процентов процентов процентов процентов процентов процентов процентов процентов процентов процентов процентов процентов процентов процентов процентов процентов процентов процентов процентов процентов процентов процентов процентов процентов процентов процентов процентов процентов процентов процентов процентов процентов процентов процентов процентов процентов процентов процентов процентов процентов процентов процентов процентов процентов процентов процентов процентов процентов процентов процентов процентов процентов процентов процентов процентов процентов процентов процентов процентов процентов процентов процентов процентов процентов процентов процентов", "numeric_answer": null, "relative_error": null, "thinking_text": null, "has_tool_call": false, "tool_call": null, "usage": {"prompt_tokens": 127, "completion_tokens": 256, "total_tokens": 383, "token_count_source": "tokenizer"}, "decoding": {"temperature": 0.2, "top_p": null, "top_k": null, "max_tokens": 256, "seed": 42}, "prompt_tokens": 127, "completion_tokens": 256, "total_tokens": 383, "token_count_source": "tokenizer", "diffusion_steps": null, "flops_estimate": null, "flops_arch": null, "flops_model_params": null, "flops_active_params": null, "tokens_non_final": 254, "tokens_reasoning": 0, "tokens_response": 254, "elapsed_seconds": 19.082093954086304, "judgement": "Uncategorized"}
{"id": "basket_sum_001091", "topic": "basket_sum", "subtopic": "decimal_prices", "prompt": "You’re buying 6 items: $5.22, $14.42, $3.22, $3.06, $11.87, $8.32. About how much will you pay (before tax)?", "exact_value": 46.11, "model": "tiiuae/Falcon-H1-7B-Instruct", "provider": "transformers", "response": "альнымиются суммы процентов согласно условиюлирования процентов согласно условиюлирования процентов согласно условиюлирования процентов согласно условиюлирования процентов согласно условиюлирования процентов согласно условиюлирования процентов согласно условиюлирования процентов согласно условиюлирования процентов согласно условиюлирования процентов согласно условиюлирования процентов согласно условиюлирования процентов согласно условиюлирования процентов согласно условиюлирования процентов согласно условиюлирования процентов согласно условиюлирования процентов согласно условиюлирования процентов согласно условиюлирования процентов согласно условиюлирования процентов согласно условиюлирования процентов согласно условиюлирования процентов согласно условиюлирования процентов согласно условиюлирования процентов согласно условиюлирования процентов согласно условиюлирования процентов согласно условиюлирования процентов согласно условиюлирования процентов согласно условиюлирования процентов согласно условиюлирования процентов согласно условиюлирования процентов согласно условиюлирования процентов согласно условиюлирования процентов согласно условиюлирования процентов согласно условиюлирования процентов согласно условиюлирования процентов согласно условиюлирования процентов согласно условиюлирования процентов согласно условиюлирования процентов согласно условиюлирования процентов согласно условиюлирования процентов согласно условиюлирования процентов согласно условиюлирования процентов согласно условиюлирования процентов", "numeric_answer": null, "relative_error": null, "thinking_text": null, "has_tool_call": false, "tool_call": null, "usage": {"prompt_tokens": 140, "completion_tokens": 256, "total_tokens": 396, "token_count_source": "tokenizer"}, "decoding": {"temperature": 0.2, "top_p": null, "top_k": null, "max_tokens": 256, "seed": 42}, "prompt_tokens": 140, "completion_tokens": 256, "total_tokens": 396, "token_count_source": "tokenizer", "diffusion_steps": null, "flops_estimate": null, "flops_arch": null, "flops_model_params": null, "flops_active_params": null, "tokens_non_final": 129, "tokens_reasoning": 0, "tokens_response": 129, "elapsed_seconds": 19.02046251296997, "judgement": "Uncategorized"}
{"id": "basket_sum_001111", "topic": "basket_sum", "subtopic": "decimal_prices", "prompt": "You’re buying 4 items: $19.10, $10.16, $17.74, $8.93. About how much will you pay (before tax)?", "exact_value": 55.93, "model": "tiiuae/Falcon-H1-7B-Instruct", "provider": "transformers", "response": "ацииация процентов процентов процентов процентов процентов процентов процентов процентов процентов процентов процентов процентов процентов процентов процентов процентов процентов процентов процентов процентов процентов процентов процентов процентов процентов процентов процентов процентов процентов процентов процентов процентов процентов процентов процентов процентов процентов процентов процентов процентов процентов процентов процентов процентов процентов процентов процентов процентов процентов процентов процентов процентов процентов процентов процентов процентов процентов процентов процентов процентов процентов процентов процентов процентов процентов процентов процентов процентов процентов процентов процентов процентов процентов процентов процентов процентов процентов процентов процентов процентов процентов процентов процентов процентов процентов процентов процентов процентов процентов процентов процентов процентов процентов процентов процентов процентов процентов процентов процентов процентов процентов процентов процентов процентов процентов процентов процентов процентов процентов процентов процентов процентов процентов процентов процентов процентов процентов процентов процентов процентов процентов процентов процентов процентов процентов процентов процентов процентов процентов процентов процентов процентов процентов процентов процентов процентов процентов процентов процентов процентов процентов процентов процентов процентов процентов процентов процентов процентов процентов процентов процентов процентов процентов процентов процентов процентов процентов процентов процентов процентов процентов процентов процентов процентов процентов процентов процентов процентов процентов процентов процентов процентов процентов процентов процентов процентов процентов процентов процентов процентов процентов процентов процентов процентов процентов процентов процентов процентов процентов процентов процентов процентов процентов процентов процентов процентов процентов процентов процентов процентов процентов процентов процентов процентов процентов процентов процентов процентов процентов процентов процентов процентов процентов процентов процентов процентов процентов процентов процентов процентов процентов процентов процентов процентов процентов процентов процентов процентов процентов процентов процентов процентов процентов процентов процентов процентов процентов процентов процентов процентов процентов процентов процентов процентов процентов процентов процентов процентов процентов процентов процентов процентов процентов процентов", "numeric_answer": null, "relative_error": null, "thinking_text": null, "has_tool_call": false, "tool_call": null, "usage": {"prompt_tokens": 127, "completion_tokens": 256, "total_tokens": 383, "token_count_source": "tokenizer"}, "decoding": {"temperature": 0.2, "top_p": null, "top_k": null, "max_tokens": 256, "seed": 42}, "prompt_tokens": 127, "completion_tokens": 256, "total_tokens": 383, "token_count_source": "tokenizer", "diffusion_steps": null, "flops_estimate": null, "flops_arch": null, "flops_model_params": null, "flops_active_params": null, "tokens_non_final": 255, "tokens_reasoning": 0, "tokens_response": 255, "elapsed_seconds": 19.140999794006348, "judgement": "Uncategorized"}
{"id": "basket_sum_001131", "topic": "basket_sum", "subtopic": "decimal_prices", "prompt": "You’re buying 3 items: $18.72, $17.46, $5.78. About how much will you pay (before tax)?", "exact_value": 41.96, "model": "tiiuae/Falcon-H1-7B-Instruct", "provider": "transformers", "response": "ацииируем суммы процентов путем их сложения согласно приведенной информации насколько точно возможно согласно предоставленной информации насколько точно возможно согласно предоставленной информации насколько точно возможно согласно предоставленнойацииируем суммы процентов путем их сложения согласно приведеннойацииируем суммы процентов путем их сложения согласно приведеннойацииируем суммы процентов путем их сложения согласно приведеннойацииируем суммы процентов путем их сложения согласно приведеннойацииируем суммы процентов путем их сложения согласно приведеннойацииируем суммы процентов путем их сложения согласно приведеннойацииируем суммы процентов путем их сложения согласно приведеннойацииируем суммы процентов путем их сложения согласно приведеннойацииируем суммы процентов путем их сложения согласно приведеннойацииируем суммы процентов путем их сложения согласно приведеннойацииируем суммы процентов путем их сложения согласно приведеннойацииируем суммы процентов путем их сложения согласно приведеннойацииируем суммы процентов путем их сложения согласно приведеннойацииируем суммы процентов путем их сложения согласно приведеннойацииируем суммы процентов путем их сложения согласно приведеннойацииируем суммы процентов путем их сложения согласно приведеннойацииируем суммы процентов путем их сложения согласно приведеннойацииируем суммы процентов путем их сложения согласно приведеннойацииируем суммы процентов путем их сложения согласно приведеннойацииируем суммы процентов путем их сложения согласно приведеннойацииируем суммы процентов", "numeric_answer": null, "relative_error": null, "thinking_text": null, "has_tool_call": false, "tool_call": null, "usage": {"prompt_tokens": 119, "completion_tokens": 256, "total_tokens": 375, "token_count_source": "tokenizer"}, "decoding": {"temperature": 0.2, "top_p": null, "top_k": null, "max_tokens": 256, "seed": 42}, "prompt_tokens": 119, "completion_tokens": 256, "total_tokens": 375, "token_count_source": "tokenizer", "diffusion_steps": null, "flops_estimate": null, "flops_arch": null, "flops_model_params": null, "flops_active_params": null, "tokens_non_final": 168, "tokens_reasoning": 0, "tokens_response": 168, "elapsed_seconds": 18.623378038406372, "judgement": "Uncategorized"}
{"id": "basket_sum_001151", "topic": "basket_sum", "subtopic": "decimal_prices", "prompt": "You’re buying 6 items: $8.31, $2.74, $14.88, $17.68, $5.94, $4.74. About how much will you pay (before tax)?", "exact_value": 54.29, "model": "tiiuae/Falcon-H1-7B-Instruct", "provider": "transformers", "response": "ацииируем суммы всех процентов процентовируем суммы всех процентов процентовируем суммы всех процентов процентовируем суммы всех процентов процентовируем суммы всех процентов процентовируем суммы всех процентов процентовируем суммы всех процентов процентовируем суммы процентовируем суммы процентовируем суммы процентовируем суммы процентовируем суммы процентовируем суммы процентовируем суммы процентовируем суммы процентовируем суммы процентовируем суммы процентовируем суммы процентовируем суммы процентовируем суммы процентовируем суммы процентовируем суммы процентовируем суммы процентовируем суммы процентовируем суммы процентовируем суммы процентовируем суммы процентовируем суммы процентовируем суммы процентовируем суммы процентовируем суммы процентовируем суммы процентовируем суммы процентовируем суммы процентовируем суммы процентовируем суммы процентовируем суммы процентовируем суммы процентовируем суммы процентовируем суммы процентовируем суммы процентовируем суммы процентовируем суммы процентовируем суммы процентовируем суммы процентовируем суммы процентовируем суммы процентовируем суммы процентовируем суммы процентовируем суммы процентовируем суммы процентовируем суммы процентовируем суммы процентовируем суммы процентовируем суммы процентовируем суммы процентовируем суммы процентовируем суммы процентовируем суммы процентовируем суммы процентовируем суммы процентовируем суммы процентовируем суммы процентовируем суммы процентовируем суммы процентовируем суммы процентовируем суммы процентовируем суммы процентовируем суммы процентовируем суммы процентовируем суммы процентовируем суммы процентовируем суммы процентовируем суммы процентовируем суммы процентовируем суммы процентовируем суммы процентовируем суммы процентовируем суммы процентовируем суммы процентовируем", "numeric_answer": null, "relative_error": null, "thinking_text": null, "has_tool_call": false, "tool_call": null, "usage": {"prompt_tokens": 140, "completion_tokens": 256, "total_tokens": 396, "token_count_source": "tokenizer"}, "decoding": {"temperature": 0.2, "top_p": null, "top_k": null, "max_tokens": 256, "seed": 42}, "prompt_tokens": 140, "completion_tokens": 256, "total_tokens": 396, "token_count_source": "tokenizer", "diffusion_steps": null, "flops_estimate": null, "flops_arch": null, "flops_model_params": null, "flops_active_params": null, "tokens_non_final": 175, "tokens_reasoning": 0, "tokens_response": 175, "elapsed_seconds": 20.243934392929077, "judgement": "Uncategorized"}
{"id": "basket_sum_001171", "topic": "basket_sum", "subtopic": "decimal_prices", "prompt": "You’re buying 3 items: $10.17, $0.89, $7.55. About how much will you pay (before tax)?", "exact_value": 18.61, "model": "tiiuae/Falcon-H1-7B-Instruct", "provider": "transformers", "response": "ацииированы путем сложения всех процентов процентов согласно приведенной информации насколько это возможно точно согласно правилам округления процентов процентов процентов процентов процентов процентов процентов процентов процентов процентов процентов процентов процентов процентов процентов процентов процентов процентов процентов процентов процентов процентов процентов процентов процентов процентов процентов процентов процентов процентов процентов процентов процентов процентов процентов процентов процентов процентов процентов процентов процентов процентов процентов процентов процентов процентов процентов процентов процентов процентов процентов процентов процентов процентов процентов процентов процентов процентов процентов процентов процентов процентов процентов процентов процентов процентов процентов процентов процентов процентов процентов процентов процентов процентов процентов процентов процентов процентов процентов процентов процентов процентов процентов процентов процентов процентов процентов процентов процентов процентов процентов процентов процентов процентов процентов процентов процентов процентов процентов процентов процентов процентов процентов процентов процентов процентов процентов процентов процентов процентов процентов процентов процентов процентов процентов процентов процентов процентов процентов процентов процентов процентов процентов процентов процентов процентов процентов процентов процентов процентов процентов процентов процентов процентов процентов процентов процентов процентов процентов процентов процентов процентов процентов процентов процентов процентов процентов процентов процентов процентов процентов процентов процентов процентов процентов процентов процентов процентов процентов процентов процентов процентов процентов процентов процентов процентов процентов процентов процентов процентов процентов процентов процентов процентов процентов процентов процентов процентов процентов процентов процентов процентов процентов процентов процентов процентов процентов процентов процентов процентов процентов процентов процентов процентов процентов процентов процентов процентов процентов процентов процентов процентов процентов процентов процентов процентов процентов процентов процентов процентов процентов процентов процентов процентов процентов процентов процентов процентов процентов процентов процентов процентов процентов процентов процентов процентов процентов процентов процентов процентов процентов процентов процентов процентов процентов", "numeric_answer": null, "relative_error": null, "thinking_text": null, "has_tool_call": false, "tool_call": null, "usage": {"prompt_tokens": 118, "completion_tokens": 256, "total_tokens": 374, "token_count_source": "tokenizer"}, "decoding": {"temperature": 0.2, "top_p": null, "top_k": null, "max_tokens": 256, "seed": 42}, "prompt_tokens": 118, "completion_tokens": 256, "total_tokens": 374, "token_count_source": "tokenizer", "diffusion_steps": null, "flops_estimate": null, "flops_arch": null, "flops_model_params": null, "flops_active_params": null, "tokens_non_final": 251, "tokens_reasoning": 0, "tokens_response": 251, "elapsed_seconds": 18.794065713882446, "judgement": "Uncategorized"}
{"id": "basket_sum_001191", "topic": "basket_sum", "subtopic": "decimal_prices", "prompt": "You’re buying 5 items: $16.57, $13.87, $17.29, $12.64, $9.09. About how much will you pay (before tax)?", "exact_value": 69.46, "model": "tiiuae/Falcon-H1-7B-Instruct", "provider": "transformers", "response": "альнымиются путем сложения всех процентов процентов согласно списку процентов процентов процентов процентов процентов процентов процентов процентов процентов процентов процентов процентов процентов процентов процентов процентов процентов процентов процентов процентов процентов процентов процентов процентов процентов процентов процентов процентов процентов процентов процентов процентов процентов процентов процентов процентов процентов процентов процентов процентов процентов процентов процентов процентов процентов процентов процентов процентов процентов процентов процентов процентов процентов процентов процентов процентов процентов процентов процентов процентов процентов процентов процентов процентов процентов процентов процентов процентов процентов процентов процентов процентов процентов процентов процентов процентов процентов процентов процентов процентов процентов процентов процентов процентов процентов процентов процентов процентов процентов процентов процентов процентов процентов процентов процентов процентов процентов процентов процентов процентов процентов процентов процентов процентов процентов процентов процентов процентов процентов процентов процентов процентов процентов процентов процентов процентов процентов процентов процентов процентов процентов процентов процентов процентов процентов процентов процентов процентов процентов процентов процентов процентов процентов процентов процентов процентов процентов процентов процентов процентов процентов процентов процентов процентов процентов процентов процентов процентов процентов процентов процентов процентов процентов процентов процентов процентов процентов процентов процентов процентов процентов процентов процентов процентов процентов процентов процентов процентов процентов процентов процентов процентов процентов процентов процентов процентов процентов процентов процентов процентов процентов процентов процентов процентов процентов процентов процентов процентов процентов процентов процентов процентов процентов процентов процентов процентов процентов процентов процентов процентов процентов процентов процентов процентов процентов процентов процентов процентов процентов процентов процентов процентов процентов процентов процентов процентов процентов процентов процентов процентов процентов процентов процентов процентов процентов процентов процентов процентов процентов процентов процентов процентов процентов процентов процентов процентов процентов процентов процентов процентов процентов процентов процентов процентов процентов", "numeric_answer": null, "relative_error": null, "thinking_text": null, "has_tool_call": false, "tool_call": null, "usage": {"prompt_tokens": 135, "completion_tokens": 256, "total_tokens": 391, "token_count_source": "tokenizer"}, "decoding": {"temperature": 0.2, "top_p": null, "top_k": null, "max_tokens": 256, "seed": 42}, "prompt_tokens": 135, "completion_tokens": 256, "total_tokens": 391, "token_count_source": "tokenizer", "diffusion_steps": null, "flops_estimate": null, "flops_arch": null, "flops_model_params": null, "flops_active_params": null, "tokens_non_final": 253, "tokens_reasoning": 0, "tokens_response": 253, "elapsed_seconds": 19.885576486587524, "judgement": "Uncategorized"}
{"id": "basket_sum_001211", "topic": "basket_sum", "subtopic": "decimal_prices", "prompt": "You’re buying 4 items: $2.44, $1.26, $19.22, $2.64. About how much will you pay (before tax)?", "exact_value": 25.56, "model": "tiiuae/Falcon-H1-7B-Instruct", "provider": "transformers", "response": "ацииированы путем сложения всех процентов процентов согласно приведенной информации насколько это возможно точно согласно правилам системы насколько это возможно насколько точно насколько возможно насколько точно насколько возможно насколько точно насколько возможно насколько точно насколько возможно насколько точно насколько возможно насколько точно насколько возможно насколько точно насколько возможно насколько точно насколько возможно насколько точно насколько возможно насколько точно насколько возможно насколько точно насколько возможно насколько точно насколько возможно насколько точно насколько возможно насколько точно насколько возможно насколько точно насколько возможно насколько точно насколько возможно насколько точно насколько возможно насколько точно насколько возможно насколько точно насколько возможно насколько точно насколько возможно насколько точно насколько возможно насколько точно насколько возможно насколько точно насколько возможно насколько точно насколько возможно насколько точно насколько возможно насколько точно насколько возможно насколько точно насколько возможно насколько точно насколько возможно насколько точно насколько возможно насколько точно насколько возможно насколько точно насколько возможно насколько точно насколько возможно насколько точно насколько возможно насколько точно насколько возможно насколько точно насколько возможно насколько точно насколько возможно насколько точно насколько возможно насколько точно насколько возможно насколько точно насколько возможно насколько точно насколько возможно насколько точно насколько возможно насколько точно насколько возможно насколько точно насколько возможно насколько точно насколько возможно насколько точно насколько возможно насколько точно насколько возможно насколько точно насколько возможно насколько точно насколько возможно насколько точно насколько возможно насколько точно насколько возможно насколько точно насколько возможно насколько точно насколько возможно насколько точно насколько возможно насколько точно насколько возможно насколько точно насколько возможно насколько точно насколько возможно насколько точно насколько возможно насколько точно насколько возможно насколько", "numeric_answer": null, "relative_error": null, "thinking_text": null, "has_tool_call": false, "tool_call": null, "usage": {"prompt_tokens": 125, "completion_tokens": 256, "total_tokens": 381, "token_count_source": "tokenizer"}, "decoding": {"temperature": 0.2, "top_p": null, "top_k": null, "max_tokens": 256, "seed": 42}, "prompt_tokens": 125, "completion_tokens": 256, "total_tokens": 381, "token_count_source": "tokenizer", "diffusion_steps": null, "flops_estimate": null, "flops_arch": null, "flops_model_params": null, "flops_active_params": null, "tokens_non_final": 252, "tokens_reasoning": 0, "tokens_response": 252, "elapsed_seconds": 19.59898567199707, "judgement": "Uncategorized"}
{"id": "basket_sum_001231", "topic": "basket_sum", "subtopic": "decimal_prices", "prompt": "You’re buying 5 items: $4.51, $9.17, $1.90, $5.25, $12.09. About how much will you pay (before tax)?", "exact_value": 32.92, "model": "tiiuae/Falcon-H1-7B-Instruct", "provider": "transformers", "response": "альными расчетами суммы процентовируем процентовых процентовуем процентовых процентовуем процентовых процентовуем процентовых процентовуем процентовых процентовуем процентовых процентовуем процентовых процентовуем процентовых процентовуем процентовых процентовуем процентовых процентовуем процентовых процентовуем процентовых процентовуем процентовых процентовуем процентовых процентовуем процентовых процентовуем процентовых процентовуем процентовых процентовуем процентовых процентовуем процентовых процентовуем процентовых процентовуем процентовых процентовуем процентовых процентовуем процентовых процентовуем процентовых процентовуем процентовых процентовуем процентовых процентовуем процентовых процентовуем процентовых процентовуем процентовых процентовуем процентовых процентовуем процентовых процентовуем процентовых процентовуем процентовых процентовуем процентовых процентовуем процентовых процентовуем процентовых процентовуем процентовых процентовуем процентовых процентовуем процентовых процентовуем процентовых процентовуем процентовых процентовуем процентовых процентовуем процентовых процентовуем процентовых процентовуем процентовых процентовуем процентовых процентовуем процентовых процентовуем процентовых процентовуем процентовых процентовуем процентовых процентовуем процентовых процентовуем процентовых процентовуем процентовых процентовуем процентовых процентовуем процентовых процентовуем процентовых процентовуем процентовых процентовуем процентовых процентовуем процентовых процентовуем процентовых процентовуем процентовых процентовуем процентовых процентовуем процентовых", "numeric_answer": null, "relative_error": null, "thinking_text": null, "has_tool_call": false, "tool_call": null, "usage": {"prompt_tokens": 132, "completion_tokens": 256, "total_tokens": 388, "token_count_source": "tokenizer"}, "decoding": {"temperature": 0.2, "top_p": null, "top_k": null, "max_tokens": 256, "seed": 42}, "prompt_tokens": 132, "completion_tokens": 256, "total_tokens": 388, "token_count_source": "tokenizer", "diffusion_steps": null, "flops_estimate": null, "flops_arch": null, "flops_model_params": null, "flops_active_params": null, "tokens_non_final": 129, "tokens_reasoning": 0, "tokens_response": 129, "elapsed_seconds": 18.85831117630005, "judgement": "Uncategorized"}
{"id": "basket_sum_001251", "topic": "basket_sum", "subtopic": "decimal_prices", "prompt": "You’re buying 5 items: $3.91, $8.11, $15.11, $18.54, $3.32. About how much will you pay (before tax)?", "exact_value": 48.99, "model": "tiiuae/Falcon-H1-7B-Instruct", "provider": "transformers", "response": "альнымиются суммы процентов согласно условиюлирование процентов согласно условиюлирование процентов согласно условиюлирование процентов согласно условиюлирование процентов согласно условиюлирование процентов согласно условиюлирование процентов согласно условиюлирование процентов согласно условиюлирование процентов согласно условиюлирование процентов согласно условиюлирование процентов согласно условиюлирование процентов согласно условиюлирование процентов согласно условиюлирование процентов согласно условиюлирование процентов согласно условиюлирование процентов согласно условиюлирование процентов согласно условиюлирование процентов согласно условиюлирование процентов согласно условиюлирование процентов согласно условиюлирование процентов согласно условиюлирование процентов согласно условиюлирование процентов согласно условиюлирование процентов согласно условиюлирование процентов согласно условиюлирование процентов согласно условиюлирование процентов согласно условиюлирование процентов согласно условиюлирование процентов согласно условиюлирование процентов согласно условиюлирование процентов согласно условиюлирование процентов согласно условиюлирование процентов согласно условиюлирование процентов согласно условиюлирование процентов согласно условиюлирование процентов согласно условиюлирование процентов согласно условиюлирование процентов согласно условиюлирование процентов согласно условиюлирование процентов согласно условиюлирование процентов согласно условиюлирование процентов согласно условиюлирование процентов", "numeric_answer": null, "relative_error": null, "thinking_text": null, "has_tool_call": false, "tool_call": null, "usage": {"prompt_tokens": 133, "completion_tokens": 256, "total_tokens": 389, "token_count_source": "tokenizer"}, "decoding": {"temperature": 0.2, "top_p": null, "top_k": null, "max_tokens": 256, "seed": 42}, "prompt_tokens": 133, "completion_tokens": 256, "total_tokens": 389, "token_count_source": "tokenizer", "diffusion_steps": null, "flops_estimate": null, "flops_arch": null, "flops_model_params": null, "flops_active_params": null, "tokens_non_final": 129, "tokens_reasoning": 0, "tokens_response": 129, "elapsed_seconds": 18.284952640533447, "judgement": "Uncategorized"}
{"id": "basket_sum_001271", "topic": "basket_sum", "subtopic": "decimal_prices", "prompt": "You’re buying 6 items: $11.14, $3.12, $17.66, $16.12, $12.45, $13.45. About how much will you pay (before tax)?", "exact_value": 73.94, "model": "tiiuae/Falcon-H1-7B-Instruct", "provider": "transformers", "response": "ацииируютируем суммы процентов процентовируемацию процентов процентовируемацию процентов процентовируемацию процентов процентовируемацию процентов процентовируемацию процентов процентовируемацию процентов процентовируемацию процентов процентовируемацию процентов процентовируемацию процентов процентовируемацию процентов процентовируемацию процентов процентовируемацию процентов процентовируемацию процентов процентовируемацию процентов процентовируемацию процентов процентовируемацию процентов процентовируемацию процентов процентовируемацию процентов процентовируемацию процентов процентовируемацию процентов процентовируемацию процентов процентовируемацию процентов процентовируемацию процентов процентовируемацию процентов процентовируемацию процентов процентовируемацию процентов процентовируемацию процентов процентовируемацию процентов процентовируемацию процентов процентовируемацию процентов процентовируемацию процентов процентовируемацию процентов процентовируемацию процентов процентовируемацию процентов процентовируемацию процентов процентовируемацию процентов процентовируемацию процентов процентовируемацию процентов процентовируемацию процентов процентовируемацию процентов процентовируемацию процентов процентовируемацию процентов процентовируемацию процентов процентовируемацию процентов процентовируемацию процентов процентовируемацию процентов процентовируемацию процентов процентовируемацию процентов процентовируемацию процентов процентовируемацию процентов процентовируемацию процентов процентовируемацию процентов процентовируемацию процентов процентовируемацию процентов процентовируемацию процентов процентовируемацию процентов процентовируемацию процентов процентовируемацию процентов процентовируемацию процентов процентовируемацию процентов процентовируемацию процентов процентовируемацию процентов процентовируемацию", "numeric_answer": null, "relative_error": null, "thinking_text": null, "has_tool_call": false, "tool_call": null, "usage": {"prompt_tokens": 143, "completion_tokens": 256, "total_tokens": 399, "token_count_source": "tokenizer"}, "decoding": {"temperature": 0.2, "top_p": null, "top_k": null, "max_tokens": 256, "seed": 42}, "prompt_tokens": 143, "completion_tokens": 256, "total_tokens": 399, "token_count_source": "tokenizer", "diffusion_steps": null, "flops_estimate": null, "flops_arch": null, "flops_model_params": null, "flops_active_params": null, "tokens_non_final": 128, "tokens_reasoning": 0, "tokens_response": 128, "elapsed_seconds": 19.066845893859863, "judgement": "Uncategorized"}
{"id": "basket_sum_001291", "topic": "basket_sum", "subtopic": "decimal_prices", "prompt": "You’re buying 5 items: $18.82, $5.77, $12.43, $2.83, $5.24. About how much will you pay (before tax)?", "exact_value": 45.09, "model": "tiiuae/Falcon-H1-7B-Instruct", "provider": "transformers", "response": "альными расчетами суммы процентовируем процентов согласно процентов процентов процентов процентов процентов процентов процентов процентов процентов процентов процентов процентов процентов процентов процентов процентов процентов процентов процентов процентов процентов процентов процентов процентов процентов процентов процентов процентов процентов процентов процентов процентов процентов процентов процентов процентов процентов процентов процентов процентов процентов процентов процентов процентов процентов процентов процентов процентов процентов процентов процентов процентов процентов процентов процентов процентов процентов процентов процентов процентов процентов процентов процентов процентов процентов процентов процентов процентов процентов процентов процентов процентов процентов процентов процентов процентов процентов процентов процентов процентов процентов процентов процентов процентов процентов процентов процентов процентов процентов процентов процентов процентов процентов процентов процентов процентов процентов процентов процентов процентов процентов процентов процентов процентов процентов процентов процентов процентов процентов процентов процентов процентов процентов процентов процентов процентов процентов процентов процентов процентов процентов процентов процентов процентов процентов процентов процентов процентов процентов процентов процентов процентов процентов процентов процентов процентов процентов процентов процентов процентов процентов процентов процентов процентов процентов процентов процентов процентов процентов процентов процентов процентов процентов процентов процентов процентов процентов процентов процентов процентов процентов процентов процентов процентов процентов процентов процентов процентов процентов процентов процентов процентов процентов процентов процентов процентов процентов процентов процентов процентов процентов процентов процентов процентов процентов процентов процентов процентов процентов процентов процентов процентов процентов процентов процентов процентов процентов процентов процентов процентов процентов процентов процентов процентов процентов процентов процентов процентов процентов процентов процентов процентов процентов процентов процентов процентов процентов процентов процентов процентов процентов процентов процентов процентов процентов процентов процентов процентов процентов процентов процентов процентов процентов процентов процентов процентов процентов процентов процентов процентов процентов процентов процентов процентов процентов процентов процентов процентов", "numeric_answer": null, "relative_error": null, "thinking_text": null, "has_tool_call": false, "tool_call": null, "usage": {"prompt_tokens": 133, "completion_tokens": 256, "total_tokens": 389, "token_count_source": "tokenizer"}, "decoding": {"temperature": 0.2, "top_p": null, "top_k": null, "max_tokens": 256, "seed": 42}, "prompt_tokens": 133, "completion_tokens": 256, "total_tokens": 389, "token_count_source": "tokenizer", "diffusion_steps": null, "flops_estimate": null, "flops_arch": null, "flops_model_params": null, "flops_active_params": null, "tokens_non_final": 254, "tokens_reasoning": 0, "tokens_response": 254, "elapsed_seconds": 19.174527883529663, "judgement": "Uncategorized"}
{"id": "basket_sum_001311", "topic": "basket_sum", "subtopic": "decimal_prices", "prompt": "You’re buying 5 items: $13.47, $7.46, $8.43, $3.25, $17.73. About how much will you pay (before tax)?", "exact_value": 50.34, "model": "tiiuae/Falcon-H1-7B-Instruct", "provider": "transformers", "response": "альнымиются суммы процентов согласно условиюлирования процентов согласно условиюлирования процентов согласно условиюлирования процентов согласно условиюлирования процентов согласно условиюлирования процентов согласно условиюлирования процентов согласно условиюлирования процентов согласно условиюлирования процентов согласно условиюлирования процентов согласно условиюлирования процентов согласно условиюлирования процентов согласно условиюлирования процентов согласно условиюлирования процентов согласно условиюлирования процентов согласно условиюлирования процентов согласно условиюлирования процентов согласно условиюлирования процентов согласно условиюлирования процентов согласно условиюлирования процентов согласно условиюлирования процентов согласно условиюлирования процентов согласно условиюлирования процентов согласно условиюлирования процентов согласно условиюлирования процентов согласно условиюлирования процентов согласно условиюлирования процентов согласно условиюлирования процентов согласно условиюлирования процентов согласно условиюлирования процентов согласно условиюлирования процентов согласно условиюлирования процентов согласно условиюлирования процентов согласно условиюлирования процентов согласно условиюлирования процентов согласно условиюлирования процентов согласно условиюлирования процентов согласно условиюлирования процентов согласно условиюлирования процентов согласно условиюлирования процентов согласно условиюлирования процентов согласно условиюлирования процентов согласно условиюлирования процентов", "numeric_answer": null, "relative_error": null, "thinking_text": null, "has_tool_call": false, "tool_call": null, "usage": {"prompt_tokens": 133, "completion_tokens": 256, "total_tokens": 389, "token_count_source": "tokenizer"}, "decoding": {"temperature": 0.2, "top_p": null, "top_k": null, "max_tokens": 256, "seed": 42}, "prompt_tokens": 133, "completion_tokens": 256, "total_tokens": 389, "token_count_source": "tokenizer", "diffusion_steps": null, "flops_estimate": null, "flops_arch": null, "flops_model_params": null, "flops_active_params": null, "tokens_non_final": 129, "tokens_reasoning": 0, "tokens_response": 129, "elapsed_seconds": 19.874651670455933, "judgement": "Uncategorized"}
{"id": "basket_sum_001331", "topic": "basket_sum", "subtopic": "decimal_prices", "prompt": "You’re buying 3 items: $9.47, $11.89, $1.27. About how much will you pay (before tax)?", "exact_value": 22.63, "model": "tiiuae/Falcon-H1-7B-Instruct", "provider": "transformers", "response": "альнымиются путем сложения процентов процентов процентов процентов процентов процентов процентов процентов процентов процентов процентов процентов процентов процентов процентов процентов процентов процентов процентов процентов процентов процентов процентов процентов процентов процентов процентов процентов процентов процентов процентов процентов процентов процентов процентов процентов процентов процентов процентов процентов процентов процентов процентов процентов процентов процентов процентов процентов процентов процентов процентов процентов процентов процентов процентов процентов процентов процентов процентов процентов процентов процентов процентов процентов процентов процентов процентов процентов процентов процентов процентов процентов процентов процентов процентов процентов процентов процентов процентов процентов процентов процентов процентов процентов процентов процентов процентов процентов процентов процентов процентов процентов процентов процентов процентов процентов процентов процентов процентов процентов процентов процентов процентов процентов процентов процентов процентов процентов процентов процентов процентов процентов процентов процентов процентов процентов процентов процентов процентов процентов процентов процентов процентов процентов процентов процентов процентов процентов процентов процентов процентов процентов процентов процентов процентов процентов процентов процентов процентов процентов процентов процентов процентов процентов процентов процентов процентов процентов процентов процентов процентов процентов процентов процентов процентов процентов процентов процентов процентов процентов процентов процентов процентов процентов процентов процентов процентов процентов процентов процентов процентов процентов процентов процентов процентов процентов процентов процентов процентов процентов процентов процентов процентов процентов процентов процентов процентов процентов процентов процентов процентов процентов процентов процентов процентов процентов процентов процентов процентов процентов процентов процентов процентов процентов процентов процентов процентов процентов процентов процентов процентов процентов процентов процентов процентов процентов процентов процентов процентов процентов процентов процентов процентов процентов процентов процентов процентов процентов процентов процентов процентов процентов процентов процентов процентов процентов процентов процентов процентов процентов процентов процентов процентов процентов процентов процентов процентов процентов процентов процентов процентов", "numeric_answer": null, "relative_error": null, "thinking_text": null, "has_tool_call": false, "tool_call": null, "usage": {"prompt_tokens": 118, "completion_tokens": 256, "total_tokens": 374, "token_count_source": "tokenizer"}, "decoding": {"temperature": 0.2, "top_p": null, "top_k": null, "max_tokens": 256, "seed": 42}, "prompt_tokens": 118, "completion_tokens": 256, "total_tokens": 374, "token_count_source": "tokenizer", "diffusion_steps": null, "flops_estimate": null, "flops_arch": null, "flops_model_params": null, "flops_active_params": null, "tokens_non_final": 254, "tokens_reasoning": 0, "tokens_response": 254, "elapsed_seconds": 18.726065158843994, "judgement": "Uncategorized"}
{"id": "basket_sum_001351", "topic": "basket_sum", "subtopic": "decimal_prices", "prompt": "You’re buying 5 items: $7.84, $15.52, $18.73, $11.56, $13.11. About how much will you pay (before tax)?", "exact_value": 66.76, "model": "tiiuae/Falcon-H1-7B-Instruct", "provider": "transformers", "response": "ацииируем суммы процентов путем сложения всех значений процентов процентов процентов процентов процентов процентов процентов процентов процентов процентов процентов процентов процентов процентов процентов процентов процентов процентов процентов процентов процентов процентов процентов процентов процентов процентов процентов процентов процентов процентов процентов процентов процентов процентов процентов процентов процентов процентов процентов процентов процентов процентов процентов процентов процентов процентов процентов процентов процентов процентов процентов процентов процентов процентов процентов процентов процентов процентов процентов процентов процентов процентов процентов процентов процентов процентов процентов процентов процентов процентов процентов процентов процентов процентов процентов процентов процентов процентов процентов процентов процентов процентов процентов процентов процентов процентов процентов процентов процентов процентов процентов процентов процентов процентов процентов процентов процентов процентов процентов процентов процентов процентов процентов процентов процентов процентов процентов процентов процентов процентов процентов процентов процентов процентов процентов процентов процентов процентов процентов процентов процентов процентов процентов процентов процентов процентов процентов процентов процентов процентов процентов процентов процентов процентов процентов процентов процентов процентов процентов процентов процентов процентов процентов процентов процентов процентов процентов процентов процентов процентов процентов процентов процентов процентов процентов процентов процентов процентов процентов процентов процентов процентов процентов процентов процентов процентов процентов процентов процентов процентов процентов процентов процентов процентов процентов процентов процентов процентов процентов процентов процентов процентов процентов процентов процентов процентов процентов процентов процентов процентов процентов процентов процентов процентов процентов процентов процентов процентов процентов процентов процентов процентов процентов процентов процентов процентов процентов процентов процентов процентов процентов процентов процентов процентов процентов процентов процентов процентов процентов процентов процентов процентов процентов процентов процентов процентов процентов процентов процентов процентов процентов процентов процентов процентов процентов процентов процентов процентов процентов процентов процентов процентов процентов процентов процентов процентов", "numeric_answer": null, "relative_error": null, "thinking_text": null, "has_tool_call": false, "tool_call": null, "usage": {"prompt_tokens": 135, "completion_tokens": 256, "total_tokens": 391, "token_count_source": "tokenizer"}, "decoding": {"temperature": 0.2, "top_p": null, "top_k": null, "max_tokens": 256, "seed": 42}, "prompt_tokens": 135, "completion_tokens": 256, "total_tokens": 391, "token_count_source": "tokenizer", "diffusion_steps": null, "flops_estimate": null, "flops_arch": null, "flops_model_params": null, "flops_active_params": null, "tokens_non_final": 253, "tokens_reasoning": 0, "tokens_response": 253, "elapsed_seconds": 19.884105682373047, "judgement": "Uncategorized"}
{"id": "basket_sum_001371", "topic": "basket_sum", "subtopic": "decimal_prices", "prompt": "You’re buying 3 items: $1.87, $13.03, $1.99. About how much will you pay (before tax)?", "exact_value": 16.89, "model": "tiiuae/Falcon-H1-7B-Instruct", "provider": "transformers", "response": "ацииируем суммы процентов путем их сложения согласно приведенной информации насколько точно насколько возможно согласно правилам системы насколько точно насколько возможно согласно правилальным образомируем суммы процентов путем их сложения согласно приведеннойацииируем суммы процентов путем их сложения согласно приведеннойацииируем суммы процентов путем ихацииируем суммы процентов путемацииируем суммы процентов путемацииируем суммы процентов путемацииируем суммы процентов путемацииируем суммы процентов путемацииируем суммы процентов путемацииируем суммы процентов путемацииируем суммы процентов путемацииируем суммы процентов путемацииируем суммы процентов путемацииируем суммы процентов путемацииируем суммы процентов путемацииируем суммы процентов путемацииируем суммы процентов путемацииируем суммы процентов путемацииируем суммы процентов путемацииируем суммы процентов путемацииируем суммы процентов путемацииируем суммы процентов путемацииируем суммы процентов путемацииируем суммы процентов путемацииируем суммы процентов путемацииируем суммы процентов путемацииируем суммы процентов путемацииируем суммы процентов путемацииируем суммы процентов путемацииируем суммы процентов путемацииируем суммы процентов путемацииируем суммы процентов путемацииируем суммы процентов путемацииируем суммы процентов путемацииируем суммы процентов путемацииируем суммы процентов путемацииируем суммы процентов путемацииируем суммы процентов путемацииируем суммы процентов путемацииируем суммы процентов путемацииируем суммы процентов путемацииируем суммы процентов путемацииируем суммы процентов путемации", "numeric_answer": null, "relative_error": null, "thinking_text": null, "has_tool_call": false, "tool_call": null, "usage": {"prompt_tokens": 118, "completion_tokens": 256, "total_tokens": 374, "token_count_source": "tokenizer"}, "decoding": {"temperature": 0.2, "top_p": null, "top_k": null, "max_tokens": 256, "seed": 42}, "prompt_tokens": 118, "completion_tokens": 256, "total_tokens": 374, "token_count_source": "tokenizer", "diffusion_steps": null, "flops_estimate": null, "flops_arch": null, "flops_model_params": null, "flops_active_params": null, "tokens_non_final": 161, "tokens_reasoning": 0, "tokens_response": 161, "elapsed_seconds": 18.81777596473694, "judgement": "Uncategorized"}
{"id": "basket_sum_001391", "topic": "basket_sum", "subtopic": "decimal_prices", "prompt": "You’re buying 5 items: $7.94, $8.05, $12.09, $1.44, $14.25. About how much will you pay (before tax)?", "exact_value": 43.77, "model": "tiiuae/Falcon-H1-7B-Instruct", "provider": "transformers", "response": "альнымиются суммы процентов согласно приведенной информации насколько это возможно путем их сложения насколько это возможно путем их сложения насколько насколько насколько насколько насколько насколько насколько насколько насколько насколько насколько насколько насколько насколько насколько насколько насколько насколько насколько насколько насколько насколько насколько насколько насколько насколько насколько насколько насколько насколько насколько насколько насколько насколько насколько насколько насколько насколько насколько насколько насколько насколько насколько насколько насколько насколько насколько насколько насколько насколько насколько насколько насколько насколько насколько насколько насколько насколько насколько насколько насколько насколько насколько насколько насколько насколько насколько насколько насколько насколько насколько насколько насколько насколько насколько насколько насколько насколько насколько насколько насколько насколько насколько насколько насколько насколько насколько насколько насколько насколько насколько насколько насколько насколько насколько насколько насколько насколько насколько насколько насколько насколько насколько насколько насколько насколько насколько насколько насколько насколько насколько насколько насколько насколько насколько насколько насколько насколько насколько насколько насколько насколько насколько насколько насколько насколько насколько насколько насколько насколько насколько насколько насколько насколько насколько насколько насколько насколько насколько насколько насколько насколько насколько насколько насколько насколько насколько насколько насколько насколько насколько насколько насколько насколько насколько насколько насколько насколько насколько насколько насколько насколько насколько насколько насколько насколько насколько насколько насколько насколько насколько насколько насколько насколько насколько насколько насколько насколько насколько насколько насколько насколько насколько насколько насколько насколько насколько насколько насколько насколько насколько насколько насколько насколько насколько насколько насколько насколько насколько насколько насколько насколько насколько насколько насколько насколько насколько насколько насколько насколько насколько насколько насколько насколько насколько насколько насколько насколько насколько насколько насколько насколько насколько насколько насколько насколько насколько насколько насколько насколько насколько насколько насколько насколько", "numeric_answer": null, "relative_error": null, "thinking_text": null, "has_tool_call": false, "tool_call": null, "usage": {"prompt_tokens": 133, "completion_tokens": 256, "total_tokens": 389, "token_count_source": "tokenizer"}, "decoding": {"temperature": 0.2, "top_p": null, "top_k": null, "max_tokens": 256, "seed": 42}, "prompt_tokens": 133, "completion_tokens": 256, "total_tokens": 389, "token_count_source": "tokenizer", "diffusion_steps": null, "flops_estimate": null, "flops_arch": null, "flops_model_params": null, "flops_active_params": null, "tokens_non_final": 252, "tokens_reasoning": 0, "tokens_response": 252, "elapsed_seconds": 19.032015562057495, "judgement": "Uncategorized"}
{"id": "basket_sum_001411", "topic": "basket_sum", "subtopic": "decimal_prices", "prompt": "You’re buying 4 items: $6.59, $2.57, $8.16, $4.24. About how much will you pay (before tax)?", "exact_value": 21.56, "model": "tiiuae/Falcon-H1-7B-Instruct", "provider": "transformers", "response": "альнымиальнымиальнымиальнымиальнымиальнымиальнымиальнымиальнымиальнымиальнымиальнымиальнымиальнымиальнымиальнымиальнымиальнымиальнымиальнымиальнымиальнымиальнымиальнымиальнымиальнымиальнымиальнымиальнымиальнымиальнымиальнымиальнымиальнымиальнымиальнымиальнымиальнымиальнымиальнымиальнымиальнымиальнымиальнымиальнымиальнымиальнымиальнымиальнымиальнымиальнымиальнымиальнымиальнымиальнымиальнымиальнымиальнымиальнымиальнымиальнымиальнымиальнымиальнымиальнымиальнымиальнымиальнымиальнымиальнымиальнымиальнымиальнымиальнымиальнымиальнымиальнымиальнымиальнымиальнымиальнымиальнымиальнымиальнымиальнымиальнымиальнымиальнымиальнымиальнымиальнымиальнымиальнымиальнымиальнымиальнымиальнымиальнымиальнымиальнымиальнымиальнымиальнымиальнымиальнымиальнымиальнымиальнымиальнымиальнымиальнымиальнымиальнымиальнымиальнымиальнымиальнымиальнымиальнымиальнымиальнымиальнымиальнымиальнымиальнымиальнымиальнымиальнымиальнымиальнымиальнымиальнымиальнымиальнымиальнымиальнымиальнымиальнымиальнымиальнымиальнымиальнымиальнымиальнымиальнымиальнымиальнымиальнымиальнымиальнымиальнымиальнымиальнымиальнымиальнымиальнымиальнымиальнымиальнымиальнымиальнымиальнымиальнымиальнымиальнымиальнымиальнымиальнымиальнымиальнымиальнымиальнымиальнымиальнымиальнымиальнымиальнымиальнымиальнымиальнымиальнымиальнымиальнымиальнымиальнымиальнымиальнымиальнымиальнымиальнымиальнымиальнымиальнымиальнымиальнымиальнымиальнымиальнымиальнымиальнымиальнымиальнымиальнымиальнымиальнымиальнымиальнымиальнымиальнымиальнымиальнымиальнымиальнымиальнымиальнымиальнымиальнымиальнымиальнымиальнымиальнымиальнымиальнымиальнымиальнымиальнымиальнымиальнымиальнымиальнымиальнымиальнымиальнымиальнымиальнымиальнымиальнымиальнымиальнымиальнымиальнымиальнымиальнымиальнымиальнымиальнымиальнымиальнымиальнымиальнымиальнымиальнымиальнымиальнымиальнымиальными", "numeric_answer": null, "relative_error": null, "thinking_text": null, "has_tool_call": false, "tool_call": null, "usage": {"prompt_tokens": 124, "completion_tokens": 256, "total_tokens": 380, "token_count_source": "tokenizer"}, "decoding": {"temperature": 0.2, "top_p": null, "top_k": null, "max_tokens": 256, "seed": 42}, "prompt_tokens": 124, "completion_tokens": 256, "total_tokens": 380, "token_count_source": "tokenizer", "diffusion_steps": null, "flops_estimate": null, "flops_arch": null, "flops_model_params": null, "flops_active_params": null, "tokens_non_final": 1, "tokens_reasoning": 0, "tokens_response": 1, "elapsed_seconds": 18.981849193572998, "judgement": "Uncategorized"}
{"id": "basket_sum_001431", "topic": "basket_sum", "subtopic": "decimal_prices", "prompt": "You’re buying 4 items: $11.75, $19.89, $12.61, $11.14. About how much will you pay (before tax)?", "exact_value": 55.39, "model": "tiiuae/Falcon-H1-7B-Instruct", "provider": "transformers", "response": "альнымиальнымиальнымиальнымиальнымиальнымиальнымиальнымиальнымиальнымиальнымиальнымиальнымиальнымиальнымиальнымиальнымиальнымиальнымиальнымиальнымиальнымиальнымиальнымиальнымиальнымиальнымиальнымиальнымиальнымиальнымиальнымиальнымиальнымиальнымиальнымиальнымиальнымиальнымиальнымиальнымиальнымиальнымиальнымиальнымиальнымиальнымиальнымиальнымиальнымиальнымиальнымиальнымиальнымиальнымиальнымиальнымиальнымиальнымиальнымиальнымиальнымиальнымиальнымиальнымиальнымиальнымиальнымиальнымиальнымиальнымиальнымиальнымиальнымиальнымиальнымиальнымиальнымиальнымиальнымиальнымиальнымиальнымиальнымиальнымиальнымиальнымиальнымиальнымиальнымиальнымиальнымиальнымиальнымиальнымиальнымиальнымиальнымиальнымиальнымиальнымиальнымиальнымиальнымиальнымиальнымиальнымиальнымиальнымиальнымиальнымиальнымиальнымиальнымиальнымиальнымиальнымиальнымиальнымиальнымиальнымиальнымиальнымиальнымиальнымиальнымиальнымиальнымиальнымиальнымиальнымиальнымиальнымиальнымиальнымиальнымиальнымиальнымиальнымиальнымиальнымиальнымиальнымиальнымиальнымиальнымиальнымиальнымиальнымиальнымиальнымиальнымиальнымиальнымиальнымиальнымиальнымиальнымиальнымиальнымиальнымиальнымиальнымиальнымиальнымиальнымиальнымиальнымиальнымиальнымиальнымиальнымиальнымиальнымиальнымиальнымиальнымиальнымиальнымиальнымиальнымиальнымиальнымиальнымиальнымиальнымиальнымиальнымиальнымиальнымиальнымиальнымиальнымиальнымиальнымиальнымиальнымиальнымиальнымиальнымиальнымиальнымиальнымиальнымиальнымиальнымиальнымиальнымиальнымиальнымиальнымиальнымиальнымиальнымиальнымиальнымиальнымиальнымиальнымиальнымиальнымиальнымиальнымиальнымиальнымиальнымиальнымиальнымиальнымиальнымиальнымиальнымиальнымиальнымиальнымиальнымиальнымиальнымиальнымиальнымиальнымиальнымиальнымиальнымиальнымиальнымиальнымиальнымиальнымиальнымиальнымиальнымиальнымиальнымиальнымиальными", "numeric_answer": null, "relative_error": null, "thinking_text": null, "has_tool_call": false, "tool_call": null, "usage": {"prompt_tokens": 128, "completion_tokens": 256, "total_tokens": 384, "token_count_source": "tokenizer"}, "decoding": {"temperature": 0.2, "top_p": null, "top_k": null, "max_tokens": 256, "seed": 42}, "prompt_tokens": 128, "completion_tokens": 256, "total_tokens": 384, "token_count_source": "tokenizer", "diffusion_steps": null, "flops_estimate": null, "flops_arch": null, "flops_model_params": null, "flops_active_params": null, "tokens_non_final": 1, "tokens_reasoning": 0, "tokens_response": 1, "elapsed_seconds": 18.651443243026733, "judgement": "Uncategorized"}
{"id": "basket_sum_001451", "topic": "basket_sum", "subtopic": "decimal_prices", "prompt": "You’re buying 6 items: $19.50, $8.67, $13.01, $12.67, $3.45, $12.69. About how much will you pay (before tax)?", "exact_value": 69.99, "model": "tiiuae/Falcon-H1-7B-Instruct", "provider": "transformers", "response": "альными расчетами суммы всех процентовируем процентовируем процентовируем процентовируем процентовируем процентовируем процентовируем процентовируем процентовируем процентовируем процентовируем процентовируем процентовируем процентовируем процентовируем процентовируем процентовируем процентовируем процентовируем процентовируем процентовируем процентовируем процентовируем процентовируем процентовируем процентовируем процентовируем процентовируем процентовируем процентовируем процентовируем процентовируем процентовируем процентовируем процентовируем процентовируем процентовируем процентовируем процентовируем процентовируем процентовируем процентовируем процентовируем процентовируем процентовируем процентовируем процентовируем процентовируем процентовируем процентовируем процентовируем процентовируем процентовируем процентовируем процентовируем процентовируем процентовируем процентовируем процентовируем процентовируем процентовируем процентовируем процентовируем процентовируем процентовируем процентовируем процентовируем процентовируем процентовируем процентовируем процентовируем процентовируем процентовируем процентовируем процентовируем процентовируем процентовируем процентовируем процентовируем процентовируем процентовируем процентовируем процентовируем процентовируем процентовируем процентовируем процентовируем процентовируем процентовируем процентовируем процентовируем процентовируем процентовируем процентовируем процентовируем процентовируем процентовируем процентовируем процентовируем процентовируем процентовируем процентовируем процентовируем процентовируем процентовируем процентовируем процентовируем процентовируем процентовируем процентовируем процентовируем процентовируем процентовируем процентовируем процентовируем процентовируем процентовируем процентовируем процентовируем процентовируем процентовируем процентовируем процентовируем процентовируем процентовируем процентов", "numeric_answer": null, "relative_error": null, "thinking_text": null, "has_tool_call": false, "tool_call": null, "usage": {"prompt_tokens": 142, "completion_tokens": 256, "total_tokens": 398, "token_count_source": "tokenizer"}, "decoding": {"temperature": 0.2, "top_p": null, "top_k": null, "max_tokens": 256, "seed": 42}, "prompt_tokens": 142, "completion_tokens": 256, "total_tokens": 398, "token_count_source": "tokenizer", "diffusion_steps": null, "flops_estimate": null, "flops_arch": null, "flops_model_params": null, "flops_active_params": null, "tokens_non_final": 130, "tokens_reasoning": 0, "tokens_response": 130, "elapsed_seconds": 19.702393531799316, "judgement": "Uncategorized"}
{"id": "basket_sum_001471", "topic": "basket_sum", "subtopic": "decimal_prices", "prompt": "You’re buying 5 items: $9.92, $9.24, $6.45, $15.07, $14.14. About how much will you pay (before tax)?", "exact_value": 54.82, "model": "tiiuae/Falcon-H1-7B-Instruct", "provider": "transformers", "response": "альнымиются суммы процентов согласно условиюлирование процентов согласно условиюлирование процентов согласно условиюлирование процентов согласно условиюлирование процентов согласно условиюлирование процентов согласно условиюлирование процентов согласно условиюлирование процентов согласно условиюлирование процентов согласно условиюлирование процентов согласно условиюлирование процентов согласно условиюлирование процентов согласно условиюлирование процентов согласно условиюлирование процентов согласно условиюлирование процентов согласно условиюлирование процентов согласно условиюлирование процентов согласно условиюлирование процентов согласно условиюлирование процентов согласно условиюлирование процентов согласно условиюлирование процентов согласно условиюлирование процентов согласно условиюлирование процентов согласно условиюлирование процентов согласно условиюлирование процентов согласно условиюлирование процентов согласно условиюлирование процентов согласно условиюлирование процентов согласно условиюлирование процентов согласно условиюлирование процентов согласно условиюлирование процентов согласно условиюлирование процентов согласно условиюлирование процентов согласно условиюлирование процентов согласно условиюлирование процентов согласно условиюлирование процентов согласно условиюлирование процентов согласно условиюлирование процентов согласно условиюлирование процентов согласно условиюлирование процентов согласно условиюлирование процентов согласно условиюлирование процентов согласно условиюлирование процентов", "numeric_answer": null, "relative_error": null, "thinking_text": null, "has_tool_call": false, "tool_call": null, "usage": {"prompt_tokens": 133, "completion_tokens": 256, "total_tokens": 389, "token_count_source": "tokenizer"}, "decoding": {"temperature": 0.2, "top_p": null, "top_k": null, "max_tokens": 256, "seed": 42}, "prompt_tokens": 133, "completion_tokens": 256, "total_tokens": 389, "token_count_source": "tokenizer", "diffusion_steps": null, "flops_estimate": null, "flops_arch": null, "flops_model_params": null, "flops_active_params": null, "tokens_non_final": 129, "tokens_reasoning": 0, "tokens_response": 129, "elapsed_seconds": 19.020808696746826, "judgement": "Uncategorized"}
{"id": "basket_sum_001491", "topic": "basket_sum", "subtopic": "decimal_prices", "prompt": "You’re buying 6 items: $10.66, $19.06, $6.54, $17.44, $5.57, $6.08. About how much will you pay (before tax)?", "exact_value": 65.35, "model": "tiiuae/Falcon-H1-7B-Instruct", "provider": "transformers", "response": "ацииируем суммы всех процентовируем суммы всех процентовируем процентовируем процентовируем процентовируем процентовируем процентовируем процентовируем процентовируем процентовируем процентовируем процентовируем процентовируем процентовируем процентовируем процентовируем процентовируем процентовируем процентовируем процентовируем процентовируем процентовируем процентовируем процентовируем процентовируем процентовируем процентовируем процентовируем процентовируем процентовируем процентовируем процентовируем процентовируем процентовируем процентовируем процентовируем процентовируем процентовируем процентовируем процентовируем процентовируем процентовируем процентовируем процентовируем процентовируем процентовируем процентовируем процентовируем процентовируем процентовируем процентовируем процентовируем процентовируем процентовируем процентовируем процентовируем процентовируем процентовируем процентовируем процентовируем процентовируем процентовируем процентовируем процентовируем процентовируем процентовируем процентовируем процентовируем процентовируем процентовируем процентовируем процентовируем процентовируем процентовируем процентовируем процентовируем процентовируем процентовируем процентовируем процентовируем процентовируем процентовируем процентовируем процентовируем процентовируем процентовируем процентовируем процентовируем процентовируем процентовируем процентовируем процентовируем процентовируем процентовируем процентовируем процентовируем процентовируем процентовируем процентовируем процентовируем процентовируем процентовируем процентовируем процентовируем процентовируем процентовируем процентовируем процентовируем процентовируем процентовируем процентовируем процентовируем процентовируем процентовируем процентовируем процентовируем процентовируем процентовируем процентовируем процентовируем процентовируем процентовируем процентовируем процентовируем процентовируем", "numeric_answer": null, "relative_error": null, "thinking_text": null, "has_tool_call": false, "tool_call": null, "usage": {"prompt_tokens": 141, "completion_tokens": 256, "total_tokens": 397, "token_count_source": "tokenizer"}, "decoding": {"temperature": 0.2, "top_p": null, "top_k": null, "max_tokens": 256, "seed": 42}, "prompt_tokens": 141, "completion_tokens": 256, "total_tokens": 397, "token_count_source": "tokenizer", "diffusion_steps": null, "flops_estimate": null, "flops_arch": null, "flops_model_params": null, "flops_active_params": null, "tokens_non_final": 130, "tokens_reasoning": 0, "tokens_response": 130, "elapsed_seconds": 18.639293432235718, "judgement": "Uncategorized"}
{"id": "basket_sum_001511", "topic": "basket_sum", "subtopic": "decimal_prices", "prompt": "You’re buying 3 items: $3.49, $15.57, $17.51. About how much will you pay (before tax)?", "exact_value": 36.57, "model": "tiiuae/Falcon-H1-7B-Instruct", "provider": "transformers", "response": "альными расчетами суммы процентовируем процентов согласно стоимости каждого товараируем процентов согласно стоимости каждого товараируем процентов согласно стоимости каждого товараируем процентов согласно стоимости каждого товараируем процентов согласно стоимости каждого товараируем процентов согласно стоимости каждого товараируем процентов согласно стоимости каждого товараируем процентов согласно стоимости каждого товараируем процентов согласно стоимости каждого товараируем процентов согласно стоимости каждого товацииируем процентов согласно стоимости каждого товацииируем процентов согласно стоимости каждого товацииируем процентов согласно стоимости каждого товацииируем процентов согласно стоимости каждого товацииируем процентов согласно стоимости каждого товацииируем процентов согласно стоимости каждого товацииируем процентов согласно стоимости каждого товацииируем процентов согласно стоимости каждого товацииируем процентов согласно стоимости каждого товацииируем процентов согласно стоимости каждого товацииируем процентов согласно стоимости каждого товацииируем процентов согласно стоимости каждого товацииируем процентов согласно стоимости каждого товацииируем процентов согласно стоимости каждого товацииируем процентов согласно стоимости каждого товацииируем процентов согласно стоимости каждого товацииируем процентов согласно стоимости каждого товацииируем процентов согласно стоимости каждого товацииируем процентов согласно стоимости каждого товацииируем процентов согласно стоимости каждого товацииируем процентов согласно стоимости каждого товацииируем процентов согласно стоимости каждого товацииируем процентов согласно стоимости каждого товацииируем процентов согласно стоимости каждого товацииируем процентов согласно стоимости каждого товацииируем процентов согласно стоимости каждого тов", "numeric_answer": null, "relative_error": null, "thinking_text": null, "has_tool_call": false, "tool_call": null, "usage": {"prompt_tokens": 119, "completion_tokens": 256, "total_tokens": 375, "token_count_source": "tokenizer"}, "decoding": {"temperature": 0.2, "top_p": null, "top_k": null, "max_tokens": 256, "seed": 42}, "prompt_tokens": 119, "completion_tokens": 256, "total_tokens": 375, "token_count_source": "tokenizer", "diffusion_steps": null, "flops_estimate": null, "flops_arch": null, "flops_model_params": null, "flops_active_params": null, "tokens_non_final": 184, "tokens_reasoning": 0, "tokens_response": 184, "elapsed_seconds": 19.472039461135864, "judgement": "Uncategorized"}
{"id": "basket_sum_001531", "topic": "basket_sum", "subtopic": "decimal_prices", "prompt": "You’re buying 3 items: $9.37, $8.45, $4.74. About how much will you pay (before tax)?", "exact_value": 22.56, "model": "tiiuae/Falcon-H1-7B-Instruct", "provider": "transformers", "response": "альнымиются суммы процентов процентов процентов процентов процентов процентов процентов процентов процентов процентов процентов процентов процентов процентов процентов процентов процентов процентов процентов процентов процентов процентов процентов процентов процентов процентов процентов процентов процентов процентов процентов процентов процентов процентов процентов процентов процентов процентов процентов процентов процентов процентов процентов процентов процентов процентов процентов процентов процентов процентов процентов процентов процентов процентов процентов процентов процентов процентов процентов процентов процентов процентов процентов процентов процентов процентов процентов процентов процентов процентов процентов процентов процентов процентов процентов процентов процентов процентов процентов процентов процентов процентов процентов процентов процентов процентов процентов процентов процентов процентов процентов процентов процентов процентов процентов процентов процентов процентов процентов процентов процентов процентов процентов процентов процентов процентов процентов процентов процентов процентов процентов процентов процентов процентов процентов процентов процентов процентов процентов процентов процентов процентов процентов процентов процентов процентов процентов процентов процентов процентов процентов процентов процентов процентов процентов процентов процентов процентов процентов процентов процентов процентов процентов процентов процентов процентов процентов процентов процентов процентов процентов процентов процентов процентов процентов процентов процентов процентов процентов процентов процентов процентов процентов процентов процентов процентов процентов процентов процентов процентов процентов процентов процентов процентов процентов процентов процентов процентов процентов процентов процентов процентов процентов процентов процентов процентов процентов процентов процентов процентов процентов процентов процентов процентов процентов процентов процентов процентов процентов процентов процентов процентов процентов процентов процентов процентов процентов процентов процентов процентов процентов процентов процентов процентов процентов процентов процентов процентов процентов процентов процентов процентов процентов процентов процентов процентов процентов процентов процентов процентов процентов процентов процентов процентов процентов процентов процентов процентов процентов процентов процентов процентов процентов процентов процентов процентов процентов процентов процентов процентов процентов процентов процентов", "numeric_answer": null, "relative_error": null, "thinking_text": null, "has_tool_call": false, "tool_call": null, "usage": {"prompt_tokens": 117, "completion_tokens": 256, "total_tokens": 373, "token_count_source": "tokenizer"}, "decoding": {"temperature": 0.2, "top_p": null, "top_k": null, "max_tokens": 256, "seed": 42}, "prompt_tokens": 117, "completion_tokens": 256, "total_tokens": 373, "token_count_source": "tokenizer", "diffusion_steps": null, "flops_estimate": null, "flops_arch": null, "flops_model_params": null, "flops_active_params": null, "tokens_non_final": 255, "tokens_reasoning": 0, "tokens_response": 255, "elapsed_seconds": 19.066410303115845, "judgement": "Uncategorized"}
{"id": "basket_sum_001551", "topic": "basket_sum", "subtopic": "decimal_prices", "prompt": "You’re buying 4 items: $3.21, $10.67, $16.25, $3.53. About how much will you pay (before tax)?", "exact_value": 33.66, "model": "tiiuae/Falcon-H1-7B-Instruct", "provider": "transformers", "response": "альными расчетами суммы процентовируем процентовируем процентовируем процентовируем процентовируем процентовируем процентовируем процентовируем процентовируем процентовируем процентовируем процентовируем процентовируем процентовируем процентовируем процентовируем процентовируем процентовируем процентовируем процентовируем процентовируем процентовируем процентовируем процентовируем процентовируем процентовируем процентовируем процентовируем процентовируем процентовируем процентовируем процентовируем процентовируем процентовируем процентовируем процентовируем процентовируем процентовируем процентовируем процентовируем процентовируем процентовируем процентовируем процентовируем процентовируем процентовируем процентовируем процентовируем процентовируем процентовируем процентовируем процентовируем процентовируем процентовируем процентовируем процентовируем процентовируем процентовируем процентовируем процентовируем процентовируем процентовируем процентовируем процентовируем процентовируем процентовируем процентовируем процентовируем процентовируем процентовируем процентовируем процентовируем процентовируем процентовируем процентовируем процентовируем процентовируем процентовируем процентовируем процентовируем процентовируем процентовируем процентовируем процентовируем процентовируем процентовируем процентовируем процентовируем процентовируем процентовируем процентовируем процентовируем процентовируем процентовируем процентовируем процентовируем процентовируем процентовируем процентовируем процентовируем процентовируем процентовируем процентовируем процентовируем процентовируем процентовируем процентовируем процентовируем процентовируем процентовируем процентовируем процентовируем процентовируем процентовируем процентовируем процентовируем процентовируем процентовируем процентовируем процентовируем процентовируем процентовируем процентовируем процентовируем процентовируем процентовируем", "numeric_answer": null, "relative_error": null, "thinking_text": null, "has_tool_call": false, "tool_call": null, "usage": {"prompt_tokens": 126, "completion_tokens": 256, "total_tokens": 382, "token_count_source": "tokenizer"}, "decoding": {"temperature": 0.2, "top_p": null, "top_k": null, "max_tokens": 256, "seed": 42}, "prompt_tokens": 126, "completion_tokens": 256, "total_tokens": 382, "token_count_source": "tokenizer", "diffusion_steps": null, "flops_estimate": null, "flops_arch": null, "flops_model_params": null, "flops_active_params": null, "tokens_non_final": 129, "tokens_reasoning": 0, "tokens_response": 129, "elapsed_seconds": 18.961926460266113, "judgement": "Uncategorized"}
{"id": "basket_sum_001571", "topic": "basket_sum", "subtopic": "decimal_prices", "prompt": "You’re buying 3 items: $19.20, $19.01, $6.48. About how much will you pay (before tax)?", "exact_value": 44.69, "model": "tiiuae/Falcon-H1-7B-Instruct", "provider": "transformers", "response": "ацииацияирует насколько насколько насколько насколько насколько насколько насколько насколько насколько насколько насколько насколько насколько насколько насколько насколько насколько насколько насколько насколько насколько насколько насколько насколько насколько насколько насколько насколько насколько насколько насколько насколько насколько насколько насколько насколько насколько насколько насколько насколько насколько насколько насколько насколько насколько насколько насколько насколько насколько насколько насколько насколько насколько насколько насколько насколько насколько насколько насколько насколько насколько насколько насколько насколько насколько насколько насколько насколько насколько насколько насколько насколько насколько насколько насколько насколько насколько насколько насколько насколько насколько насколько насколько насколько насколько насколько насколько насколько насколько насколько насколько насколько насколько насколько насколько насколько насколько насколько насколько насколько насколько насколько насколько насколько насколько насколько насколько насколько насколько насколько насколько насколько насколько насколько насколько насколько насколько насколько насколько насколько насколько насколько насколько насколько насколько насколько насколько насколько насколько насколько насколько насколько насколько насколько насколько насколько насколько насколько насколько насколько насколько насколько насколько насколько насколько насколько насколько насколько насколько насколько насколько насколько насколько насколько насколько насколько насколько насколько насколько насколько насколько насколько насколько насколько насколько насколько насколько насколько насколько насколько насколько насколько насколько насколько насколько насколько насколько насколько насколько насколько насколько насколько насколько насколько насколько насколько насколько насколько насколько насколько насколько насколько насколько насколько насколько насколько насколько насколько насколько насколько насколько насколько насколько насколько насколько насколько насколько насколько насколько насколько насколько насколько насколько насколько насколько насколько насколько насколько насколько насколько насколько насколько насколько насколько насколько насколько насколько насколько насколько насколько насколько насколько насколько насколько насколько насколько насколько насколько насколько насколько насколько насколько насколько насколько насколько насколько насколько насколько насколько насколько насколько насколько насколько", "numeric_answer": null, "relative_error": null, "thinking_text": null, "has_tool_call": false, "tool_call": null, "usage": {"prompt_tokens": 119, "completion_tokens": 256, "total_tokens": 375, "token_count_source": "tokenizer"}, "decoding": {"temperature": 0.2, "top_p": null, "top_k": null, "max_tokens": 256, "seed": 42}, "prompt_tokens": 119, "completion_tokens": 256, "total_tokens": 375, "token_count_source": "tokenizer", "diffusion_steps": null, "flops_estimate": null, "flops_arch": null, "flops_model_params": null, "flops_active_params": null, "tokens_non_final": 254, "tokens_reasoning": 0, "tokens_response": 254, "elapsed_seconds": 19.233981132507324, "judgement": "Uncategorized"}
{"id": "basket_sum_001591", "topic": "basket_sum", "subtopic": "decimal_prices", "prompt": "You’re buying 3 items: $7.46, $15.92, $17.15. About how much will you pay (before tax)?", "exact_value": 40.53, "model": "tiiuae/Falcon-H1-7B-Instruct", "provider": "transformers", "response": "ацииацияируя значение процентов процентов процентов процентов процентов процентов процентов процентов процентов процентов процентов процентов процентов процентов процентов процентов процентов процентов процентов процентов процентов процентов процентов процентов процентов процентов процентов процентов процентов процентов процентов процентов процентов процентов процентов процентов процентов процентов процентов процентов процентов процентов процентов процентов процентов процентов процентов процентов процентов процентов процентов процентов процентов процентов процентов процентов процентов процентов процентов процентов процентов процентов процентов процентов процентов процентов процентов процентов процентов процентов процентов процентов процентов процентов процентов процентов процентов процентов процентов процентов процентов процентов процентов процентов процентов процентов процентов процентов процентов процентов процентов процентов процентов процентов процентов процентов процентов процентов процентов процентов процентов процентов процентов процентов процентов процентов процентов процентов процентов процентов процентов процентов процентов процентов процентов процентов процентов процентов процентов процентов процентов процентов процентов процентов процентов процентов процентов процентов процентов процентов процентов процентов процентов процентов процентов процентов процентов процентов процентов процентов процентов процентов процентов процентов процентов процентов процентов процентов процентов процентов процентов процентов процентов процентов процентов процентов процентов процентов процентов процентов процентов процентов процентов процентов процентов процентов процентов процентов процентов процентов процентов процентов процентов процентов процентов процентов процентов процентов процентов процентов процентов процентов процентов процентов процентов процентов процентов процентов процентов процентов процентов процентов процентов процентов процентов процентов процентов процентов процентов процентов процентов процентов процентов процентов процентов процентов процентов процентов процентов процентов процентов процентов процентов процентов процентов процентов процентов процентов процентов процентов процентов процентов процентов процентов процентов процентов процентов процентов процентов процентов процентов процентов процентов процентов процентов процентов процентов процентов процентов процентов процентов процентов процентов процентов процентов процентов процентов процентов процентов процентов процентов процентов", "numeric_answer": null, "relative_error": null, "thinking_text": null, "has_tool_call": false, "tool_call": null, "usage": {"prompt_tokens": 119, "completion_tokens": 256, "total_tokens": 375, "token_count_source": "tokenizer"}, "decoding": {"temperature": 0.2, "top_p": null, "top_k": null, "max_tokens": 256, "seed": 42}, "prompt_tokens": 119, "completion_tokens": 256, "total_tokens": 375, "token_count_source": "tokenizer", "diffusion_steps": null, "flops_estimate": null, "flops_arch": null, "flops_model_params": null, "flops_active_params": null, "tokens_non_final": 254, "tokens_reasoning": 0, "tokens_response": 254, "elapsed_seconds": 19.737179279327393, "judgement": "Uncategorized"}
{"id": "basket_sum_001611", "topic": "basket_sum", "subtopic": "decimal_prices", "prompt": "You’re buying 5 items: $9.07, $7.79, $18.56, $5.30, $11.17. About how much will you pay (before tax)?", "exact_value": 51.89, "model": "tiiuae/Falcon-H1-7B-Instruct", "provider": "transformers", "response": "ацииируем суммы всех процентовируем процентовируем процентовируем процентовируем процентовируем процентовируем процентовируем процентовируем процентовируем процентовируем процентовируем процентовируем процентовируем процентовируем процентовируем процентовируем процентовируем процентовируем процентовируем процентовируем процентовируем процентовируем процентовируем процентовируем процентовируем процентовируем процентовируем процентовируем процентовируем процентовируем процентовируем процентовируем процентовируем процентовируем процентовируем процентовируем процентовируем процентовируем процентовируем процентовируем процентовируем процентовируем процентовируем процентовируем процентовируем процентовируем процентовируем процентовируем процентовируем процентовируем процентовируем процентовируем процентовируем процентовируем процентовируем процентовируем процентовируем процентовируем процентовируем процентовируем процентовируем процентовируем процентовируем процентовируем процентовируем процентовируем процентовируем процентовируем процентовируем процентовируем процентовируем процентовируем процентовируем процентовируем процентовируем процентовируем процентовируем процентовируем процентовируем процентовируем процентовируем процентовируем процентовируем процентовируем процентовируем процентовируем процентовируем процентовируем процентовируем процентовируем процентовируем процентовируем процентовируем процентовируем процентовируем процентовируем процентовируем процентовируем процентовируем процентовируем процентовируем процентовируем процентовируем процентовируем процентовируем процентовируем процентовируем процентовируем процентовируем процентовируем процентовируем процентовируем процентовируем процентовируем процентовируем процентовируем процентовируем процентовируем процентовируем процентовируем процентовируем процентовируем процентовируем процентовируем процентовируем процентовируем", "numeric_answer": null, "relative_error": null, "thinking_text": null, "has_tool_call": false, "tool_call": null, "usage": {"prompt_tokens": 133, "completion_tokens": 256, "total_tokens": 389, "token_count_source": "tokenizer"}, "decoding": {"temperature": 0.2, "top_p": null, "top_k": null, "max_tokens": 256, "seed": 42}, "prompt_tokens": 133, "completion_tokens": 256, "total_tokens": 389, "token_count_source": "tokenizer", "diffusion_steps": null, "flops_estimate": null, "flops_arch": null, "flops_model_params": null, "flops_active_params": null, "tokens_non_final": 129, "tokens_reasoning": 0, "tokens_response": 129, "elapsed_seconds": 19.342556953430176, "judgement": "Uncategorized"}
{"id": "basket_sum_001631", "topic": "basket_sum", "subtopic": "decimal_prices", "prompt": "You’re buying 5 items: $1.32, $18.17, $11.61, $17.29, $19.14. About how much will you pay (before tax)?", "exact_value": 67.53, "model": "tiiuae/Falcon-H1-7B-Instruct", "provider": "transformers", "response": "альнымиются суммы процентов согласно условиюлирование процентов согласно условиюлирование процентов согласно условиюлирование процентов согласно условиюлирование процентов согласно условиюлирование процентов согласно условиюлирование процентов согласно условиюлирование процентов согласно условиюлирование процентов согласно условиюлирование процентов согласно условиюлирование процентов согласно условиюлирование процентов согласно условиюлирование процентов согласно условиюлирование процентов согласно условиюлирование процентов согласно условиюлирование процентов согласно условиюлирование процентов согласно условиюлирование процентов согласно условиюлирование процентов согласно условиюлирование процентов согласно условиюлирование процентов согласно условиюлирование процентов согласно условиюлирование процентов согласно условиюлирование процентов согласно условиюлирование процентов согласно условиюлирование процентов согласно условиюлирование процентов согласно условиюлирование процентов согласно условиюлирование процентов согласно условиюлирование процентов согласно условиюлирование процентов согласно условиюлирование процентов согласно условиюлирование процентов согласно условиюлирование процентов согласно условиюлирование процентов согласно условиюлирование процентов согласно условиюлирование процентов согласно условиюлирование процентов согласно условиюлирование процентов согласно условиюлирование процентов согласно условиюлирование процентов согласно условиюлирование процентов согласно условиюлирование процентов", "numeric_answer": null, "relative_error": null, "thinking_text": null, "has_tool_call": false, "tool_call": null, "usage": {"prompt_tokens": 135, "completion_tokens": 256, "total_tokens": 391, "token_count_source": "tokenizer"}, "decoding": {"temperature": 0.2, "top_p": null, "top_k": null, "max_tokens": 256, "seed": 42}, "prompt_tokens": 135, "completion_tokens": 256, "total_tokens": 391, "token_count_source": "tokenizer", "diffusion_steps": null, "flops_estimate": null, "flops_arch": null, "flops_model_params": null, "flops_active_params": null, "tokens_non_final": 129, "tokens_reasoning": 0, "tokens_response": 129, "elapsed_seconds": 19.514554738998413, "judgement": "Uncategorized"}
{"id": "basket_sum_001651", "topic": "basket_sum", "subtopic": "decimal_prices", "prompt": "You’re buying 6 items: $4.75, $14.03, $18.54, $0.88, $5.41, $16.41. About how much will you pay (before tax)?", "exact_value": 60.02, "model": "tiiuae/Falcon-H1-7B-Instruct", "provider": "transformers", "response": "ацииируем суммы всех процентовируем суммы всех процентовируем процентовируем процентовируем процентовируем процентовируем процентовируем процентовируем процентовируем процентовируем процентовируем процентовируем процентовируем процентовируем процентовируем процентовируем процентовируем процентовируем процентовируем процентовируем процентовируем процентовируем процентовируем процентовируем процентовируем процентовируем процентовируем процентовируем процентовируем процентовируем процентовируем процентовируем процентовируем процентовируем процентовируем процентовируем процентовируем процентовируем процентовируем процентовируем процентовируем процентовируем процентовируем процентовируем процентовируем процентовируем процентовируем процентовируем процентовируем процентовируем процентовируем процентовируем процентовируем процентовируем процентовируем процентовируем процентовируем процентовируем процентовируем процентовируем процентовируем процентовируем процентовируем процентовируем процентовируем процентовируем процентовируем процентовируем процентовируем процентовируем процентовируем процентовируем процентовируем процентовируем процентовируем процентовируем процентовируем процентовируем процентовируем процентовируем процентовируем процентовируем процентовируем процентовируем процентовируем процентовируем процентовируем процентовируем процентовируем процентовируем процентовируем процентовируем процентовируем процентовируем процентовируем процентовируем процентовируем процентовируем процентовируем процентовируем процентовируем процентовируем процентовируем процентовируем процентовируем процентовируем процентовируем процентовируем процентовируем процентовируем процентовируем процентовируем процентовируем процентовируем процентовируем процентовируем процентовируем процентовируем процентовируем процентовируем процентовируем процентовируем процентовируем процентовируем процентовируем", "numeric_answer": null, "relative_error": null, "thinking_text": null, "has_tool_call": false, "tool_call": null, "usage": {"prompt_tokens": 141, "completion_tokens": 256, "total_tokens": 397, "token_count_source": "tokenizer"}, "decoding": {"temperature": 0.2, "top_p": null, "top_k": null, "max_tokens": 256, "seed": 42}, "prompt_tokens": 141, "completion_tokens": 256, "total_tokens": 397, "token_count_source": "tokenizer", "diffusion_steps": null, "flops_estimate": null, "flops_arch": null, "flops_model_params": null, "flops_active_params": null, "tokens_non_final": 130, "tokens_reasoning": 0, "tokens_response": 130, "elapsed_seconds": 18.941125631332397, "judgement": "Uncategorized"}
{"id": "basket_sum_001671", "topic": "basket_sum", "subtopic": "decimal_prices", "prompt": "You’re buying 4 items: $14.69, $6.97, $1.53, $18.10. About how much will you pay (before tax)?", "exact_value": 41.29, "model": "tiiuae/Falcon-H1-7B-Instruct", "provider": "transformers", "response": "альнымиются путем сложения всех процентов процентов согласно приведенной информации насколько это возможно точно согласно правилам округления процентов насколько это возможно согласно приведенной информации насколько насколько насколько насколько насколько насколько насколько насколько насколько насколько насколько насколько насколько насколько насколько насколько насколько насколько насколько насколько насколько насколько насколько насколько насколько насколько насколько насколько насколько насколько насколько насколько насколько насколько насколько насколько насколько насколько насколько насколько насколько насколько насколько насколько насколько насколько насколько насколько насколько насколько насколько насколько насколько насколько насколько насколько насколько насколько насколько насколько насколько насколько насколько насколько насколько насколько насколько насколько насколько насколько насколько насколько насколько насколько насколько насколько насколько насколько насколько насколько насколько насколько насколько насколько насколько насколько насколько насколько насколько насколько насколько насколько насколько насколько насколько насколько насколько насколько насколько насколько насколько насколько насколько насколько насколько насколько насколько насколько насколько насколько насколько насколько насколько насколько насколько насколько насколько насколько насколько насколько насколько насколько насколько насколько насколько насколько насколько насколько насколько насколько насколько насколько насколько насколько насколько насколько насколько насколько насколько насколько насколько насколько насколько насколько насколько насколько насколько насколько насколько насколько насколько насколько насколько насколько насколько насколько насколько насколько насколько насколько насколько насколько насколько насколько насколько насколько насколько насколько насколько насколько насколько насколько насколько насколько насколько насколько насколько насколько насколько насколько насколько насколько насколько насколько насколько насколько насколько насколько насколько насколько насколько насколько насколько насколько насколько насколько насколько насколько насколько насколько насколько насколько насколько насколько насколько насколько насколько насколько насколько насколько насколько насколько насколько насколько насколько насколько насколько насколько насколько насколько насколько насколько насколько насколько насколько насколько насколько", "numeric_answer": null, "relative_error": null, "thinking_text": null, "has_tool_call": false, "tool_call": null, "usage": {"prompt_tokens": 126, "completion_tokens": 256, "total_tokens": 382, "token_count_source": "tokenizer"}, "decoding": {"temperature": 0.2, "top_p": null, "top_k": null, "max_tokens": 256, "seed": 42}, "prompt_tokens": 126, "completion_tokens": 256, "total_tokens": 382, "token_count_source": "tokenizer", "diffusion_steps": null, "flops_estimate": null, "flops_arch": null, "flops_model_params": null, "flops_active_params": null, "tokens_non_final": 250, "tokens_reasoning": 0, "tokens_response": 250, "elapsed_seconds": 20.822172164916992, "judgement": "Uncategorized"}
{"id": "basket_sum_001691", "topic": "basket_sum", "subtopic": "decimal_prices", "prompt": "You’re buying 3 items: $7.15, $2.52, $18.68. About how much will you pay (before tax)?", "exact_value": 28.35, "model": "tiiuae/Falcon-H1-7B-Instruct", "provider": "transformers", "response": "альнымиются путем сложения процентов процентов процентов процентов процентов процентов процентов процентов процентов процентов процентов процентов процентов процентов процентов процентов процентов процентов процентов процентов процентов процентов процентов процентов процентов процентов процентов процентов процентов процентов процентов процентов процентов процентов процентов процентов процентов процентов процентов процентов процентов процентов процентов процентов процентов процентов процентов процентов процентов процентов процентов процентов процентов процентов процентов процентов процентов процентов процентов процентов процентов процентов процентов процентов процентов процентов процентов процентов процентов процентов процентов процентов процентов процентов процентов процентов процентов процентов процентов процентов процентов процентов процентов процентов процентов процентов процентов процентов процентов процентов процентов процентов процентов процентов процентов процентов процентов процентов процентов процентов процентов процентов процентов процентов процентов процентов процентов процентов процентов процентов процентов процентов процентов процентов процентов процентов процентов процентов процентов процентов процентов процентов процентов процентов процентов процентов процентов процентов процентов процентов процентов процентов процентов процентов процентов процентов процентов процентов процентов процентов процентов процентов процентов процентов процентов процентов процентов процентов процентов процентов процентов процентов процентов процентов процентов процентов процентов процентов процентов процентов процентов процентов процентов процентов процентов процентов процентов процентов процентов процентов процентов процентов процентов процентов процентов процентов процентов процентов процентов процентов процентов процентов процентов процентов процентов процентов процентов процентов процентов процентов процентов процентов процентов процентов процентов процентов процентов процентов процентов процентов процентов процентов процентов процентов процентов процентов процентов процентов процентов процентов процентов процентов процентов процентов процентов процентов процентов процентов процентов процентов процентов процентов процентов процентов процентов процентов процентов процентов процентов процентов процентов процентов процентов процентов процентов процентов процентов процентов процентов процентов процентов процентов процентов процентов процентов процентов процентов процентов процентов процентов процентов", "numeric_answer": null, "relative_error": null, "thinking_text": null, "has_tool_call": false, "tool_call": null, "usage": {"prompt_tokens": 118, "completion_tokens": 256, "total_tokens": 374, "token_count_source": "tokenizer"}, "decoding": {"temperature": 0.2, "top_p": null, "top_k": null, "max_tokens": 256, "seed": 42}, "prompt_tokens": 118, "completion_tokens": 256, "total_tokens": 374, "token_count_source": "tokenizer", "diffusion_steps": null, "flops_estimate": null, "flops_arch": null, "flops_model_params": null, "flops_active_params": null, "tokens_non_final": 254, "tokens_reasoning": 0, "tokens_response": 254, "elapsed_seconds": 19.548191785812378, "judgement": "Uncategorized"}
{"id": "basket_sum_001711", "topic": "basket_sum", "subtopic": "decimal_prices", "prompt": "You’re buying 3 items: $16.26, $18.33, $17.33. About how much will you pay (before tax)?", "exact_value": 51.92, "model": "tiiuae/Falcon-H1-7B-Instruct", "provider": "transformers", "response": "альнымиются путем сложения процентов процентов процентов процентов процентов процентов процентов процентов процентов процентов процентов процентов процентов процентов процентов процентов процентов процентов процентов процентов процентов процентов процентов процентов процентов процентов процентов процентов процентов процентов процентов процентов процентов процентов процентов процентов процентов процентов процентов процентов процентов процентов процентов процентов процентов процентов процентов процентов процентов процентов процентов процентов процентов процентов процентов процентов процентов процентов процентов процентов процентов процентов процентов процентов процентов процентов процентов процентов процентов процентов процентов процентов процентов процентов процентов процентов процентов процентов процентов процентов процентов процентов процентов процентов процентов процентов процентов процентов процентов процентов процентов процентов процентов процентов процентов процентов процентов процентов процентов процентов процентов процентов процентов процентов процентов процентов процентов процентов процентов процентов процентов процентов процентов процентов процентов процентов процентов процентов процентов процентов процентов процентов процентов процентов процентов процентов процентов процентов процентов процентов процентов процентов процентов процентов процентов процентов процентов процентов процентов процентов процентов процентов процентов процентов процентов процентов процентов процентов процентов процентов процентов процентов процентов процентов процентов процентов процентов процентов процентов процентов процентов процентов процентов процентов процентов процентов процентов процентов процентов процентов процентов процентов процентов процентов процентов процентов процентов процентов процентов процентов процентов процентов процентов процентов процентов процентов процентов процентов процентов процентов процентов процентов процентов процентов процентов процентов процентов процентов процентов процентов процентов процентов процентов процентов процентов процентов процентов процентов процентов процентов процентов процентов процентов процентов процентов процентов процентов процентов процентов процентов процентов процентов процентов процентов процентов процентов процентов процентов процентов процентов процентов процентов процентов процентов процентов процентов процентов процентов процентов процентов процентов процентов процентов процентов процентов процентов процентов процентов процентов процентов процентов", "numeric_answer": null, "relative_error": null, "thinking_text": null, "has_tool_call": false, "tool_call": null, "usage": {"prompt_tokens": 120, "completion_tokens": 256, "total_tokens": 376, "token_count_source": "tokenizer"}, "decoding": {"temperature": 0.2, "top_p": null, "top_k": null, "max_tokens": 256, "seed": 42}, "prompt_tokens": 120, "completion_tokens": 256, "total_tokens": 376, "token_count_source": "tokenizer", "diffusion_steps": null, "flops_estimate": null, "flops_arch": null, "flops_model_params": null, "flops_active_params": null, "tokens_non_final": 254, "tokens_reasoning": 0, "tokens_response": 254, "elapsed_seconds": 20.844088554382324, "judgement": "Uncategorized"}
{"id": "basket_sum_001731", "topic": "basket_sum", "subtopic": "decimal_prices", "prompt": "You’re buying 6 items: $7.02, $16.08, $18.94, $8.53, $17.47, $9.71. About how much will you pay (before tax)?", "exact_value": 77.75, "model": "tiiuae/Falcon-H1-7B-Instruct", "provider": "transformers", "response": "ацииируем суммы всех процентовируем суммы всех процентовируем процентовируем процентовируем процентовируем процентовируем процентовируем процентовируем процентовируем процентовируем процентовируем процентовируем процентовируем процентовируем процентовируем процентовируем процентовируем процентовируем процентовируем процентовируем процентовируем процентовируем процентовируем процентовируем процентовируем процентовируем процентовируем процентовируем процентовируем процентовируем процентовируем процентовируем процентовируем процентовируем процентовируем процентовируем процентовируем процентовируем процентовируем процентовируем процентовируем процентовируем процентовируем процентовируем процентовируем процентовируем процентовируем процентовируем процентовируем процентовируем процентовируем процентовируем процентовируем процентовируем процентовируем процентовируем процентовируем процентовируем процентовируем процентовируем процентовируем процентовируем процентовируем процентовируем процентовируем процентовируем процентовируем процентовируем процентовируем процентовируем процентовируем процентовируем процентовируем процентовируем процентовируем процентовируем процентовируем процентовируем процентовируем процентовируем процентовируем процентовируем процентовируем процентовируем процентовируем процентовируем процентовируем процентовируем процентовируем процентовируем процентовируем процентовируем процентовируем процентовируем процентовируем процентовируем процентовируем процентовируем процентовируем процентовируем процентовируем процентовируем процентовируем процентовируем процентовируем процентовируем процентовируем процентовируем процентовируем процентовируем процентовируем процентовируем процентовируем процентовируем процентовируем процентовируем процентовируем процентовируем процентовируем процентовируем процентовируем процентовируем процентовируем процентовируем процентовируем", "numeric_answer": null, "relative_error": null, "thinking_text": null, "has_tool_call": false, "tool_call": null, "usage": {"prompt_tokens": 141, "completion_tokens": 256, "total_tokens": 397, "token_count_source": "tokenizer"}, "decoding": {"temperature": 0.2, "top_p": null, "top_k": null, "max_tokens": 256, "seed": 42}, "prompt_tokens": 141, "completion_tokens": 256, "total_tokens": 397, "token_count_source": "tokenizer", "diffusion_steps": null, "flops_estimate": null, "flops_arch": null, "flops_model_params": null, "flops_active_params": null, "tokens_non_final": 130, "tokens_reasoning": 0, "tokens_response": 130, "elapsed_seconds": 19.32020592689514, "judgement": "Uncategorized"}
{"id": "basket_sum_001751", "topic": "basket_sum", "subtopic": "decimal_prices", "prompt": "You’re buying 5 items: $16.63, $10.06, $3.60, $6.03, $6.93. About how much will you pay (before tax)?", "exact_value": 43.25, "model": "tiiuae/Falcon-H1-7B-Instruct", "provider": "transformers", "response": "альными расчетами суммы процентовируем процентовируем процентовируем процентовируем процентовируем процентовируем процентовируем процентовируем процентовируем процентовируем процентовируем процентовируем процентовируем процентовируем процентовируем процентовируем процентовируем процентовируем процентовируем процентовируем процентовируем процентовируем процентовируем процентовируем процентовируем процентовируем процентовируем процентовируем процентовируем процентовируем процентовируем процентовируем процентовируем процентовируем процентовируем процентовируем процентовируем процентовируем процентовируем процентовируем процентовируем процентовируем процентовируем процентовируем процентовируем процентовируем процентовируем процентовируем процентовируем процентовируем процентовируем процентовируем процентовируем процентовируем процентовируем процентовируем процентовируем процентовируем процентовируем процентовируем процентовируем процентовируем процентовируем процентовируем процентовируем процентовируем процентовируем процентовируем процентовируем процентовируем процентовируем процентовируем процентовируем процентовируем процентовируем процентовируем процентовируем процентовируем процентовируем процентовируем процентовируем процентовируем процентовируем процентовируем процентовируем процентовируем процентовируем процентовируем процентовируем процентовируем процентовируем процентовируем процентовируем процентовируем процентовируем процентовируем процентовируем процентовируем процентовируем процентовируем процентовируем процентовируем процентовируем процентовируем процентовируем процентовируем процентовируем процентовируем процентовируем процентовируем процентовируем процентовируем процентовируем процентовируем процентовируем процентовируем процентовируем процентовируем процентовируем процентовируем процентовируем процентовируем процентовируем процентовируем процентовируем процентовируем", "numeric_answer": null, "relative_error": null, "thinking_text": null, "has_tool_call": false, "tool_call": null, "usage": {"prompt_tokens": 133, "completion_tokens": 256, "total_tokens": 389, "token_count_source": "tokenizer"}, "decoding": {"temperature": 0.2, "top_p": null, "top_k": null, "max_tokens": 256, "seed": 42}, "prompt_tokens": 133, "completion_tokens": 256, "total_tokens": 389, "token_count_source": "tokenizer", "diffusion_steps": null, "flops_estimate": null, "flops_arch": null, "flops_model_params": null, "flops_active_params": null, "tokens_non_final": 129, "tokens_reasoning": 0, "tokens_response": 129, "elapsed_seconds": 18.37275195121765, "judgement": "Uncategorized"}
{"id": "basket_sum_001771", "topic": "basket_sum", "subtopic": "decimal_prices", "prompt": "You’re buying 3 items: $10.59, $6.35, $1.24. About how much will you pay (before tax)?", "exact_value": 18.18, "model": "tiiuae/Falcon-H1-7B-Instruct", "provider": "transformers", "response": "альнымиются суммы процентов согласно условиюлирования процентов согласно условиюлирования процентов согласно условиюлирования процентов согласно условиюлирования процентов согласно условиюлирования процентов согласно условиюлирования процентов согласно условиюлирования процентов согласно условиюлирования процентов согласно условиюлирования процентов согласно условиюлирования процентов согласно условиюлирования процентов согласно условиюлирования процентов согласно условиюлирования процентов согласно условиюлирования процентов согласно условиюлирования процентов согласно условиюлирования процентов согласно условиюлирования процентов согласно условиюлирования процентов согласно условиюлирования процентов согласно условиюлирования процентов согласно условиюлирования процентов согласно условиюлирования процентов согласно условиюлирования процентов согласно условиюлирования процентов согласно условиюлирования процентов согласно условиюлирования процентов согласно условиюлирования процентов согласно условиюлирования процентов согласно условиюлирования процентов согласно условиюлирования процентов согласно условиюлирования процентов согласно условиюлирования процентов согласно условиюлирования процентов согласно условиюлирования процентов согласно условиюлирования процентов согласно условиюлирования процентов согласно условиюлирования процентов согласно условиюлирования процентов согласно условиюлирования процентов согласно условиюлирования процентов согласно условиюлирования процентов согласно условиюлирования процентов", "numeric_answer": null, "relative_error": null, "thinking_text": null, "has_tool_call": false, "tool_call": null, "usage": {"prompt_tokens": 118, "completion_tokens": 256, "total_tokens": 374, "token_count_source": "tokenizer"}, "decoding": {"temperature": 0.2, "top_p": null, "top_k": null, "max_tokens": 256, "seed": 42}, "prompt_tokens": 118, "completion_tokens": 256, "total_tokens": 374, "token_count_source": "tokenizer", "diffusion_steps": null, "flops_estimate": null, "flops_arch": null, "flops_model_params": null, "flops_active_params": null, "tokens_non_final": 129, "tokens_reasoning": 0, "tokens_response": 129, "elapsed_seconds": 19.383126974105835, "judgement": "Uncategorized"}
{"id": "basket_sum_001791", "topic": "basket_sum", "subtopic": "decimal_prices", "prompt": "You’re buying 6 items: $4.14, $2.95, $14.71, $9.53, $17.81, $14.13. About how much will you pay (before tax)?", "exact_value": 63.27, "model": "tiiuae/Falcon-H1-7B-Instruct", "provider": "transformers", "response": "альными расчетами суммы всех процентовируем процентовируем процентовируем процентовируем процентовируем процентовируем процентовируем процентовируем процентовируем процентовируем процентовируем процентовируем процентовируем процентовируем процентовируем процентовируем процентовируем процентовируем процентовируем процентовируем процентовируем процентовируем процентовируем процентовируем процентовируем процентовируем процентовируем процентовируем процентовируем процентовируем процентовируем процентовируем процентовируем процентовируем процентовируем процентовируем процентовируем процентовируем процентовируем процентовируем процентовируем процентовируем процентовируем процентовируем процентовируем процентовируем процентовируем процентовируем процентовируем процентовируем процентовируем процентовируем процентовируем процентовируем процентовируем процентовируем процентовируем процентовируем процентовируем процентовируем процентовируем процентовируем процентовируем процентовируем процентовируем процентовируем процентовируем процентовируем процентовируем процентовируем процентовируем процентовируем процентовируем процентовируем процентовируем процентовируем процентовируем процентовируем процентовируем процентовируем процентовируем процентовируем процентовируем процентовируем процентовируем процентовируем процентовируем процентовируем процентовируем процентовируем процентовируем процентовируем процентовируем процентовируем процентовируем процентовируем процентовируем процентовируем процентовируем процентовируем процентовируем процентовируем процентовируем процентовируем процентовируем процентовируем процентовируем процентовируем процентовируем процентовируем процентовируем процентовируем процентовируем процентовируем процентовируем процентовируем процентовируем процентовируем процентовируем процентовируем процентовируем процентовируем процентовируем процентовируем процентовируем процентов", "numeric_answer": null, "relative_error": null, "thinking_text": null, "has_tool_call": false, "tool_call": null, "usage": {"prompt_tokens": 141, "completion_tokens": 256, "total_tokens": 397, "token_count_source": "tokenizer"}, "decoding": {"temperature": 0.2, "top_p": null, "top_k": null, "max_tokens": 256, "seed": 42}, "prompt_tokens": 141, "completion_tokens": 256, "total_tokens": 397, "token_count_source": "tokenizer", "diffusion_steps": null, "flops_estimate": null, "flops_arch": null, "flops_model_params": null, "flops_active_params": null, "tokens_non_final": 130, "tokens_reasoning": 0, "tokens_response": 130, "elapsed_seconds": 18.554728507995605, "judgement": "Uncategorized"}
{"id": "basket_sum_001811", "topic": "basket_sum", "subtopic": "decimal_prices", "prompt": "You’re buying 3 items: $10.30, $18.37, $14.13. About how much will you pay (before tax)?", "exact_value": 42.8, "model": "tiiuae/Falcon-H1-7B-Instruct", "provider": "transformers", "response": "альнымиются суммы процентов согласно условиюлирования процентов согласно условиюлирования процентов согласно условиюлирования процентов согласно условиюлирования процентов согласно условиюлирования процентов согласно условиюлирования процентов согласно условиюлирования процентов согласно условиюлирования процентов согласно условиюлирования процентов согласно условиюлирования процентов согласно условиюлирования процентов согласно условиюлирования процентов согласно условиюлирования процентов согласно условиюлирования процентов согласно условиюлирования процентов согласно условиюлирования процентов согласно условиюлирования процентов согласно условиюлирования процентов согласно условиюлирования процентов согласно условиюлирования процентов согласно условиюлирования процентов согласно условиюлирования процентов согласно условиюлирования процентов согласно условиюлирования процентов согласно условиюлирования процентов согласно условиюлирования процентов согласно условиюлирования процентов согласно условиюлирования процентов согласно условиюлирования процентов согласно условиюлирования процентов согласно условиюлирования процентов согласно условиюлирования процентов согласно условиюлирования процентов согласно условиюлирования процентов согласно условиюлирования процентов согласно условиюлирования процентов согласно условиюлирования процентов согласно условиюлирования процентов согласно условиюлирования процентов согласно условиюлирования процентов согласно условиюлирования процентов согласно условиюлирования процентов", "numeric_answer": null, "relative_error": null, "thinking_text": null, "has_tool_call": false, "tool_call": null, "usage": {"prompt_tokens": 120, "completion_tokens": 256, "total_tokens": 376, "token_count_source": "tokenizer"}, "decoding": {"temperature": 0.2, "top_p": null, "top_k": null, "max_tokens": 256, "seed": 42}, "prompt_tokens": 120, "completion_tokens": 256, "total_tokens": 376, "token_count_source": "tokenizer", "diffusion_steps": null, "flops_estimate": null, "flops_arch": null, "flops_model_params": null, "flops_active_params": null, "tokens_non_final": 129, "tokens_reasoning": 0, "tokens_response": 129, "elapsed_seconds": 19.039525508880615, "judgement": "Uncategorized"}
{"id": "basket_sum_001831", "topic": "basket_sum", "subtopic": "decimal_prices", "prompt": "You’re buying 3 items: $9.20, $7.83, $14.21. About how much will you pay (before tax)?", "exact_value": 31.24, "model": "tiiuae/Falcon-H1-7B-Instruct", "provider": "transformers", "response": "альнымиются суммы процентов согласно приведенной задаче путем их сложения согласно правил процентов согласно задаче насколько это возможно насколько точно согласно процентов согласно процентов согласно процентов согласно процентов согласно процентов согласно процентов согласно процентов согласно процентов согласно процентов согласно процентов согласно процентов согласно процентов согласно процентов согласно процентов согласно процентов согласно процентов согласно процентов согласно процентов согласно процентов согласно процентов согласно процентов согласно процентов согласно процентов согласно процентов согласно процентов согласно процентов согласно процентов согласно процентов согласно процентов согласно процентов согласно процентов согласно процентов согласно процентов согласно процентов согласно процентов согласно процентов согласно процентов согласно процентов согласно процентов согласно процентов согласно процентов согласно процентов согласно процентов согласно процентов согласно процентов согласно процентов согласно процентов согласно процентов согласно процентов согласно процентов согласно процентов согласно процентов согласно процентов согласно процентов согласно процентов согласно процентов согласно процентов согласно процентов согласно процентов согласно процентов согласно процентов согласно процентов согласно процентов согласно процентов согласно процентов согласно процентов согласно процентов согласно процентов согласно процентов согласно процентов согласно процентов согласно процентов согласно процентов согласно процентов согласно процентов согласно процентов согласно процентов согласно процентов согласно процентов согласно процентов согласно процентов согласно процентов согласно процентов согласно процентов согласно процентов согласно процентов согласно процентов согласно процентов согласно процентов согласно процентов согласно процентов согласно процентов согласно процентов согласно процентов согласно процентов согласно процентов согласно процентов согласно процентов согласно процентов согласно процентов согласно процентов согласно процентов согласно процентов согласно процентов согласно процентов согласно процентов согласно процентов согласно процентов согласно процентов согласно процентов согласно процентов согласно процентов согласно процентов согласно процентов согласно процентов согласно процентов", "numeric_answer": null, "relative_error": null, "thinking_text": null, "has_tool_call": false, "tool_call": null, "usage": {"prompt_tokens": 118, "completion_tokens": 256, "total_tokens": 374, "token_count_source": "tokenizer"}, "decoding": {"temperature": 0.2, "top_p": null, "top_k": null, "max_tokens": 256, "seed": 42}, "prompt_tokens": 118, "completion_tokens": 256, "total_tokens": 374, "token_count_source": "tokenizer", "diffusion_steps": null, "flops_estimate": null, "flops_arch": null, "flops_model_params": null, "flops_active_params": null, "tokens_non_final": 251, "tokens_reasoning": 0, "tokens_response": 251, "elapsed_seconds": 20.063682794570923, "judgement": "Uncategorized"}
{"id": "basket_sum_001851", "topic": "basket_sum", "subtopic": "decimal_prices", "prompt": "You’re buying 5 items: $6.62, $11.07, $7.07, $6.71, $19.00. About how much will you pay (before tax)?", "exact_value": 50.47, "model": "tiiuae/Falcon-H1-7B-Instruct", "provider": "transformers", "response": "ацииируем суммы всех процентовируем суммы процентовируем суммы процентовируем суммы процентовируем суммы процентовируем суммы процентовируем суммы процентовируем суммы процентовируем суммы процентовируем суммы процентовируем суммы процентовируем суммы процентовируем суммы процентовируем суммы процентовируем суммы процентовируем суммы процентовируем суммы процентовируем суммы процентовируем суммы процентовируем суммы процентовируем суммы процентовируем суммы процентовируем суммы процентовируем суммы процентовируем суммы процентовируем суммы процентовируем суммы процентовируем суммы процентовируем суммы процентовируем суммы процентовируем суммы процентовируем суммы процентовируем суммы процентовируем суммы процентовируем суммы процентовируем суммы процентовируем суммы процентовируем суммы процентовируем суммы процентовируем суммы процентовируем суммы процентовируем суммы процентовируем суммы процентовируем суммы процентовируем суммы процентовируем суммы процентовируем суммы процентовируем суммы процентовируем суммы процентовируем суммы процентовируем суммы процентовируем суммы процентовируем суммы процентовируем суммы процентовируем суммы процентовируем суммы процентовируем суммы процентовируем суммы процентовируем суммы процентовируем суммы процентовируем суммы процентовируем суммы процентовируем суммы процентовируем суммы процентовируем суммы процентовируем суммы процентовируем суммы процентовируем суммы процентовируем суммы процентовируем суммы процентовируем суммы процентовируем суммы процентовируем суммы процентовируем суммы процентовируем суммы процентовируем суммы процентовируем суммы процентовируем суммы процентовируем суммы процентовируем суммы процентовируем суммы процентовируем суммы процентовируем суммы процентовируем суммы процентовируем суммы", "numeric_answer": null, "relative_error": null, "thinking_text": null, "has_tool_call": false, "tool_call": null, "usage": {"prompt_tokens": 133, "completion_tokens": 256, "total_tokens": 389, "token_count_source": "tokenizer"}, "decoding": {"temperature": 0.2, "top_p": null, "top_k": null, "max_tokens": 256, "seed": 42}, "prompt_tokens": 133, "completion_tokens": 256, "total_tokens": 389, "token_count_source": "tokenizer", "diffusion_steps": null, "flops_estimate": null, "flops_arch": null, "flops_model_params": null, "flops_active_params": null, "tokens_non_final": 171, "tokens_reasoning": 0, "tokens_response": 171, "elapsed_seconds": 19.839898586273193, "judgement": "Uncategorized"}
{"id": "basket_sum_001871", "topic": "basket_sum", "subtopic": "decimal_prices", "prompt": "You’re buying 5 items: $6.25, $5.41, $5.02, $12.38, $15.22. About how much will you pay (before tax)?", "exact_value": 44.28, "model": "tiiuae/Falcon-H1-7B-Instruct", "provider": "transformers", "response": "ацииируем суммы всехposten путем сложения чисел согласно приведенным даннымируем суммы всехposten путем сложения чисел согласно приведеннымальным даннымируем суммы всехposten путем сложения чисел согласно приведеннымальным даннымируем суммы всехposten путем сложения чисел согласно приведеннымальным даннымируем суммы всехposten путем сложения чисел согласно приведеннымальным даннымируем суммы всехposten путем сложения чисел согласно приведеннымальным даннымируем суммы всехposten путем сложения чисел согласно приведеннымальным даннымируем суммы всехposten путем сложения чисел согласно приведеннымальным даннымируем суммы всехposten путем сложения чисел согласно приведеннымальным даннымируем суммы всехposten путем сложения чисел согласно приведеннымальнымальнымальнымальнымальнымальнымальнымальнымальнымальнымальнымальнымальнымальнымальнымальнымальнымальнымальнымальнымальнымальнымальнымальнымальнымальнымальнымальнымальнымальнымальнымальнымальнымальнымальнымальнымальнымальнымальнымальнымальнымальнымальнымальнымальнымальнымальнымальнымальнымальнымальнымальнымальнымальнымальнымальнымальнымальнымальнымальнымальнымальнымальнымальнымальнымальнымальнымальнымальнымальнымальнымальнымальнымальнымальнымальнымальнымальнымальнымальнымальнымальнымальнымальнымальнымальнымальнымальнымальнымальнымальнымальнымальнымальнымальнымальнымальнымальнымальнымальнымальнымальнымальнымальнымальнымальнымальнымальнымальнымальнымальнымальнымальнымальнымальнымальнымальнымальным", "numeric_answer": null, "relative_error": null, "thinking_text": null, "has_tool_call": false, "tool_call": null, "usage": {"prompt_tokens": 133, "completion_tokens": 256, "total_tokens": 389, "token_count_source": "tokenizer"}, "decoding": {"temperature": 0.2, "top_p": null, "top_k": null, "max_tokens": 256, "seed": 42}, "prompt_tokens": 133, "completion_tokens": 256, "total_tokens": 389, "token_count_source": "tokenizer", "diffusion_steps": null, "flops_estimate": null, "flops_arch": null, "flops_model_params": null, "flops_active_params": null, "tokens_non_final": 80, "tokens_reasoning": 0, "tokens_response": 80, "elapsed_seconds": 18.461417198181152, "judgement": "Uncategorized"}
{"id": "discounts_000183", "topic": "discounts", "subtopic": "buy_n_get_m", "prompt": "Buy 4 get 1 free on items priced $5.05 each. You take 6 total. About how much do you pay?", "exact_value": 25.25, "model": "tiiuae/Falcon-H1-7B-Instruct", "provider": "transformers", "response": "альными расчетами согласно условия kompensierte mengen kompensieren kompensieren kompensieren kompensieren kompensieren kompensieren kompensieren kompensieren kompensieren kompensieren kompensieren kompensieren kompensieren kompensieren kompensieren kompensieren kompensieren kompensieren kompensieren kompensieren kompensieren kompensieren kompensieren kompensieren kompensieren kompensieren kompensieren kompensieren kompensieren kompensieren kompensieren kompensieren kompensieren kompensieren kompensieren kompensieren kompensieren kompensieren kompensieren kompensieren kompensieren kompensieren kompensieren kompensieren kompensieren kompensieren kompensieren kompensieren kompensieren kompensieren kompensieren kompensieren kompensieren kompensieren kompensieren kompensieren kompensieren kompensieren kompensieren kompensieren kompensieren kompensieren kompensieren kompensieren kompensieren kompensieren kompensieren kompensieren kompensieren kompensieren kompensieren kompensieren kompensieren kompensieren kompensieren kompensieren kompensieren kompensieren kompensieren kompensieren kompensieren kompensieren kompensieren kompensieren kompensieren kompensieren kompensieren kompensieren kompensieren kompensieren kompensieren kompensieren kompensieren kompensieren kompensieren kompensieren kompensieren kompensieren kompensieren kompensieren kompensieren kompensieren kompensieren kompensieren kompensieren kompensieren kompensieren kompensieren kompensieren kompensieren kompensieren kompensieren kompensieren kompensieren kompensieren kompensieren kompensieren kompensieren kompensieren kompensieren kompensieren kompensieren kompensieren kompensieren", "numeric_answer": null, "relative_error": null, "thinking_text": null, "has_tool_call": false, "tool_call": null, "usage": {"prompt_tokens": 108, "completion_tokens": 256, "total_tokens": 364, "token_count_source": "tokenizer"}, "decoding": {"temperature": 0.2, "top_p": null, "top_k": null, "max_tokens": 256, "seed": 42}, "prompt_tokens": 108, "completion_tokens": 256, "total_tokens": 364, "token_count_source": "tokenizer", "diffusion_steps": null, "flops_estimate": null, "flops_arch": null, "flops_model_params": null, "flops_active_params": null, "tokens_non_final": 130, "tokens_reasoning": 0, "tokens_response": 130, "elapsed_seconds": 18.910083293914795, "judgement": "Uncategorized"}
{"id": "discounts_000203", "topic": "discounts", "subtopic": "threshold", "prompt": "Threshold coupon applies: $5 off $30+ spend. Cart: $27.77, $19.83, $30.00, $13.61. About how much do you pay?", "exact_value": 86.21, "model": "tiiuae/Falcon-H1-7B-Instruct", "provider": "transformers", "response": "�альное значение", "numeric_answer": null, "relative_error": null, "thinking_text": null, "has_tool_call": false, "tool_call": null, "usage": {"prompt_tokens": 133, "completion_tokens": 4, "total_tokens": 137, "token_count_source": "tokenizer"}, "decoding": {"temperature": 0.2, "top_p": null, "top_k": null, "max_tokens": 256, "seed": 42}, "prompt_tokens": 133, "completion_tokens": 4, "total_tokens": 137, "token_count_source": "tokenizer", "diffusion_steps": null, "flops_estimate": null, "flops_arch": null, "flops_model_params": null, "flops_active_params": null, "tokens_non_final": 2, "tokens_reasoning": 0, "tokens_response": 2, "elapsed_seconds": 0.34860825538635254, "judgement": "Uncategorized"}
{"id": "discounts_000223", "topic": "discounts", "subtopic": "threshold", "prompt": "Threshold coupon applies: $5 off $40+ spend. Cart: $7.86, $25.35, $26.15, $22.93, $33.93. About how much do you pay?", "exact_value": 111.22, "model": "tiiuae/Falcon-H1-7B-Instruct", "provider": "transformers", "response": "альными расчетами согласно условия kompensacji купонаируемой суммы процентов согласно правилации kompensacji процентов согласно правилации kompensacji процентов согласно правилации kompensacji процентов согласно правилации kompensacji процентов согласно правилации kompensacji процентов согласно правилации kompensации процентов согласно правилации kompensации процентов согласно правилации kompensации процентов согласно правилации kompensации процентов согласно правилации kompensации процентов согласно правилации kompensации процентов согласно правилации kompensации процентов согласно правилации kompensации процентов согласно правилации kompensации процентов согласно правилации kompensации процентов согласно kompensации процентов согласно kompensации процентов согласно kompensации процентов согласно kompensации процентов согласно kompensации процентов согласно kompensации процентов согласно kompensации процентов согласно kompensации процентов согласно kompensации процентов согласно kompensации процентов согласно kompensации процентов согласно kompensации процентов согласно kompensации процентов согласно kompensации процентов согласно kompensации процентов согласно kompensации процентов согласно kompensации процентов согласно kompensации процентов согласно kompensации процентов согласно kompensации процентов согласно kompensации процентов согласно kompensации процентов согласно kompensации процентов согласно kompensации процентов согласно kompensации процентов согласно kompensации процентов согласно kompensации процентов согласно kompensации процентов согласно kompensации процентов согласно kompensации процентов согласно kompensации процентов согласно kompensации процентов согласно kompensации процентов согласно kompensации процентов согласно kompensации процентов согласно kompensации процентов согласно kompensации процентов согласно kompensации процентов согласно", "numeric_answer": null, "relative_error": null, "thinking_text": null, "has_tool_call": false, "tool_call": null, "usage": {"prompt_tokens": 140, "completion_tokens": 256, "total_tokens": 396, "token_count_source": "tokenizer"}, "decoding": {"temperature": 0.2, "top_p": null, "top_k": null, "max_tokens": 256, "seed": 42}, "prompt_tokens": 140, "completion_tokens": 256, "total_tokens": 396, "token_count_source": "tokenizer", "diffusion_steps": null, "flops_estimate": null, "flops_arch": null, "flops_model_params": null, "flops_active_params": null, "tokens_non_final": 183, "tokens_reasoning": 0, "tokens_response": 183, "elapsed_seconds": 18.993289709091187, "judgement": "Uncategorized"}
{"id": "discounts_000243", "topic": "discounts", "subtopic": "percent", "prompt": "Cart: $41.98, $22.60, $24.78, $44.56, $29.87. A 20% discount applies to everything. About how much do you pay?", "exact_value": 131.03, "model": "tiiuae/Falcon-H1-7B-Instruct", "provider": "transformers", "response": "альными расчетами согласно процентов скидации насколько процентов процентов процентов процентов процентов процентов процентов процентов процентов процентов процентов процентов процентов процентов процентов процентов процентов процентов процентов процентов процентов процентов процентов процентов процентов процентов процентов процентов процентов процентов процентов процентов процентов процентов процентов процентов процентов процентов процентов процентов процентов процентов процентов процентов процентов процентов процентов процентов процентов процентов процентов процентов процентов процентов процентов процентов процентов процентов процентов процентов процентов процентов процентов процентов процентов процентов процентов процентов процентов процентов процентов процентов процентов процентов процентов процентов процентов процентов процентов процентов процентов процентов процентов процентов процентов процентов процентов процентов процентов процентов процентов процентов процентов процентов процентов процентов процентов процентов процентов процентов процентов процентов процентов процентов процентов процентов процентов процентов процентов процентов процентов процентов процентов процентов процентов процентов процентов процентов процентов процентов процентов процентов процентов процентов процентов процентов процентов процентов процентов процентов процентов процентов процентов процентов процентов процентов процентов процентов процентов процентов процентов процентов процентов процентов процентов процентов процентов процентов процентов процентов процентов процентов процентов процентов процентов процентов процентов процентов процентов процентов процентов процентов процентов процентов процентов процентов процентов процентов процентов процентов процентов процентов процентов процентов процентов процентов процентов процентов процентов процентов процентов процентов процентов процентов процентов процентов процентов процентов процентов процентов процентов процентов процентов процентов процентов процентов процентов процентов процентов процентов процентов процентов процентов процентов процентов процентов процентов процентов процентов процентов процентов процентов процентов процентов процентов процентов процентов процентов процентов процентов процентов процентов процентов процентов процентов процентов процентов процентов процентов процентов процентов процентов процентов процентов процентов процентов процентов процентов процентов процентов процентов процентов процентов процентов процентов процентов процентов", "numeric_answer": null, "relative_error": null, "thinking_text": null, "has_tool_call": false, "tool_call": null, "usage": {"prompt_tokens": 136, "completion_tokens": 256, "total_tokens": 392, "token_count_source": "tokenizer"}, "decoding": {"temperature": 0.2, "top_p": null, "top_k": null, "max_tokens": 256, "seed": 42}, "prompt_tokens": 136, "completion_tokens": 256, "total_tokens": 392, "token_count_source": "tokenizer", "diffusion_steps": null, "flops_estimate": null, "flops_arch": null, "flops_model_params": null, "flops_active_params": null, "tokens_non_final": 253, "tokens_reasoning": 0, "tokens_response": 253, "elapsed_seconds": 19.216943740844727, "judgement": "Uncategorized"}
{"id": "discounts_000263", "topic": "discounts", "subtopic": "stacked", "prompt": "Stacked deal: 20% off, then $10 coupon if you spend $50 or more. Cart: $24.93, $20.51, $23.47. About how much do you pay?", "exact_value": 45.13, "model": "tiiuae/Falcon-H1-7B-Instruct", "provider": "transformers", "response": "�альное значение", "numeric_answer": null, "relative_error": null, "thinking_text": null, "has_tool_call": false, "tool_call": null, "usage": {"prompt_tokens": 136, "completion_tokens": 4, "total_tokens": 140, "token_count_source": "tokenizer"}, "decoding": {"temperature": 0.2, "top_p": null, "top_k": null, "max_tokens": 256, "seed": 42}, "prompt_tokens": 136, "completion_tokens": 4, "total_tokens": 140, "token_count_source": "tokenizer", "diffusion_steps": null, "flops_estimate": null, "flops_arch": null, "flops_model_params": null, "flops_active_params": null, "tokens_non_final": 2, "tokens_reasoning": 0, "tokens_response": 2, "elapsed_seconds": 0.3489522933959961, "judgement": "Uncategorized"}
{"id": "discounts_000283", "topic": "discounts", "subtopic": "threshold", "prompt": "Threshold coupon applies: $15 off $30+ spend. Cart: $27.33, $21.91, $39.19, $18.59. About how much do you pay?", "exact_value": 92.02, "model": "tiiuae/Falcon-H1-7B-Instruct", "provider": "transformers", "response": "�альное значение", "numeric_answer": null, "relative_error": null, "thinking_text": null, "has_tool_call": false, "tool_call": null, "usage": {"prompt_tokens": 134, "completion_tokens": 4, "total_tokens": 138, "token_count_source": "tokenizer"}, "decoding": {"temperature": 0.2, "top_p": null, "top_k": null, "max_tokens": 256, "seed": 42}, "prompt_tokens": 134, "completion_tokens": 4, "total_tokens": 138, "token_count_source": "tokenizer", "diffusion_steps": null, "flops_estimate": null, "flops_arch": null, "flops_model_params": null, "flops_active_params": null, "tokens_non_final": 2, "tokens_reasoning": 0, "tokens_response": 2, "elapsed_seconds": 0.32394933700561523, "judgement": "Uncategorized"}
{"id": "discounts_000303", "topic": "discounts", "subtopic": "threshold", "prompt": "Threshold coupon applies: $10 off $40+ spend. Cart: $36.04, $15.68, $34.87. About how much do you pay?", "exact_value": 76.59, "model": "tiiuae/Falcon-H1-7B-Instruct", "provider": "transformers", "response": "альными условиями согласно описанию задачи процентовые скидочные купоны применяются только при достижении порога расходов EXEMPLARY INTEGER VALUES INCLUDING DECIMAL VALUES SUCH RESPONSIBILITY RESPONSIBILITY RESPONSIBILITY RESPONSIBILITY RESPONSIBILITY RESPONSIBILITY RESPONSIBILITY RESPONSIBILITY RESPONSIBILITY RESPONSIBILITY RESPONSIBILITY RESPONSIBILITY RESPONSIBILITY RESPONSIBILITY RESPONSIBILITY RESPONSIBILITY RESPONSIBILITY RESPONSIBILITY RESPONSIBILITY RESPONSIBILITY RESPONSIBILITY RESPONSIBILITY RESPONSIBILITY RESPONSIBILITY RESPONSIBILITY RESPONSIBILITY RESPONSIBILITY RESPONSIBILITY RESPONSIBILITY RESPONSIBILITY RESPONSIBILITY RESPONSIBILITY RESPONSIBILITY RESPONSIBILITY RESPONSIBILITY RESPONSIBILITY RESPONSIBILITY RESPONSIBILITY RESPONSIBILITY RESPONSIBILITY RESPONSIBILITY RESPONSIBILITY RESPONSIBILITY RESPONSIBILITY RESPONSIBILITY RESPONSIBILITY RESPONSIBILITY RESPONSIBILITY RESPONSIBILITY RESPONSIBILITY RESPONSIBILITY RESPONSIBILITY RESPONSIBILITY RESPONSIBILITY RESPONSIBILITY RESPONSIBILITY RESPONSIBILITY RESPONSIBILITY RESPONSIBILITY RESPONSIBILITY RESPONSIBILITY RESPONSIBILITY RESPONSIBILITY RESPONSIBILITY RESPONSIBILITY RESPONSIBILITY RESPONSIBILITY RESPONSIBILITY RESPONSIBILITY RESPONSIBILITY RESPONSIBILITY RESPONSIBILITY RESPONSIBILITY RESPONSIBILITY RESPONSIBILITY RESPONSIBILITY RESPONSIBILITY RESPONSIBILITY RESPONSIBILITY RESPONSIBILITY RESPONSIBILITY RESPONSIBILITY RESPONSIBILITY RESPONSIBILITY RESPONSIBILITY RESPONSIBILITY RESPONSIBILITY RESPONSIBILITY RESPONSIBILITY RESPONSIBILITY RESPONSIBILITY RESPONSIBILITY RESPONSIBILITY RESPONSIBILITY RESPONSIBILITY RESPONSIBILITY RESPONSIBILITY RESPONSIBILITY RESPONSIBILITY RESPONSIBILITY RESPONSIBILITY RESPONSIBILITY RESPONSIBILITY RESPONSIBILITY RESPONSIBILITY RESPONSIBILITY RESPONSIBILITY RESPONSIBILITY RESPONSIBILITY RESPONSIBILITY RESPONSIBILITY RESPONSIBILITY RESPONSIBILITY RESPONSIBILITY RESPONSIBILITY RESPONSIBILITY RESPONSIBILITY RESPONSIBILITY RESPONSIBILITY RESPONSIBILITY RESPONSIBILITY RESPONSIBILITY RESPONSIBILITY RESPONSIBILITY RESPONSIBILITY RESPONSIBILITY RESPONSIBILITY RESPONSIBILITY RESPONSIBILITY RESPONSIBILITY RESPONSIBILITY RESPONSIBILITY RESPONSIBILITY RESPONSIBILITY RESPONSIBILITY RESPONSIBILITY RESPONSIBILITY RESPONSIBILITY RESPONSIBILITY RESPONSIBILITY RESPONSIBILITY RESPONSIBILITY RESPONSIBILITY RESPONSIBILITY RESPONSIBILITY RESPONSIBILITY RESPONSIBILITY RESPONSIBILITY RESPONSIBILITY RESPONSIBILITY RESPONSIBILITY RESPONSIBILITY RESPONSIBILITY RESPONSIBILITY RESPONSIBILITY RESPONSIBILITY RESPONSIBILITY RESPONSIBILITY RESPONSIBILITY RESPONSIBILITY RESPONSIBILITY RESPONSIBILITY RESPONSIBILITY RESPONSIBILITY RESPONSIBILITY RESPONSIBILITY RESPONSIBILITY RESPONSIBILITY RESPONSIBILITY RESPONSIBILITY RESPONSIBILITY RESPONSIBILITY RESPONSIBILITY RESPONSIBILITY RESPONSIBILITY RESPONSIBILITY RESPONSIBILITY RESPONSIBILITY RESPONSIBILITY RESPONSIBILITY RESPONSIBILITY RESPONSIBILITY RESPONSIBILITY RESPONSIBILITY RESPONSIBILITY RESPONSIBILITY RESPONSIBILITY RESPONSIBILITY RESPONSIBILITY RESPONSIBILITY RESPONSIBILITY RESPONSIBILITY RESPONSIBILITY RESPONSIBILITY RESPONSIBILITY RESPONSIBILITY RESPONSIBILITY RESPONSIBILITY RESPONSIBILITY RESPONSIBILITY RESPONSIBILITY RESPONSIBILITY RESPONSIBILITY RESPONSIBILITY RESPONSIBILITY RESPONSIBILITY RESPONSIBILITY RESPONSIBILITY RESPONSIBILITY RESPONSIBILITY RESPONSIBILITY RESPONSIBILITY RESPONSIBILITY RESPONSIBILITY RESPONSIBILITY RESPONSIBILITY RESPONSIBILITY RESPONSIBILITY RESPONSIBILITY RESPONSIBILITY RESPONSIBILITY RESPONSIBILITY RESPONSIBILITY RESPONSIBILITY RESPONSIBILITY", "numeric_answer": null, "relative_error": null, "thinking_text": null, "has_tool_call": false, "tool_call": null, "usage": {"prompt_tokens": 126, "completion_tokens": 256, "total_tokens": 382, "token_count_source": "tokenizer"}, "decoding": {"temperature": 0.2, "top_p": null, "top_k": null, "max_tokens": 256, "seed": 42}, "prompt_tokens": 126, "completion_tokens": 256, "total_tokens": 382, "token_count_source": "tokenizer", "diffusion_steps": null, "flops_estimate": null, "flops_arch": null, "flops_model_params": null, "flops_active_params": null, "tokens_non_final": 246, "tokens_reasoning": 0, "tokens_response": 246, "elapsed_seconds": 19.935348510742188, "judgement": "Uncategorized"}
{"id": "discounts_000323", "topic": "discounts", "subtopic": "stacked", "prompt": "Stacked deal: 20% off, then $5 coupon if you spend $50 or more. Cart: $37.30, $35.35, $7.26, $28.69, $36.32, $11.49. About how much do you pay?", "exact_value": 120.13, "model": "tiiuae/Falcon-H1-7B-Instruct", "provider": "transformers", "response": "�альное значение", "numeric_answer": null, "relative_error": null, "thinking_text": null, "has_tool_call": false, "tool_call": null, "usage": {"prompt_tokens": 158, "completion_tokens": 4, "total_tokens": 162, "token_count_source": "tokenizer"}, "decoding": {"temperature": 0.2, "top_p": null, "top_k": null, "max_tokens": 256, "seed": 42}, "prompt_tokens": 158, "completion_tokens": 4, "total_tokens": 162, "token_count_source": "tokenizer", "diffusion_steps": null, "flops_estimate": null, "flops_arch": null, "flops_model_params": null, "flops_active_params": null, "tokens_non_final": 2, "tokens_reasoning": 0, "tokens_response": 2, "elapsed_seconds": 0.3506357669830322, "judgement": "Uncategorized"}
{"id": "discounts_000343", "topic": "discounts", "subtopic": "threshold", "prompt": "Threshold coupon applies: $5 off $30+ spend. Cart: $26.24, $32.30, $4.60, $26.47, $26.89. About how much do you pay?", "exact_value": 111.5, "model": "tiiuae/Falcon-H1-7B-Instruct", "provider": "transformers", "response": "альными условиями согласно описанию задачи процентовые скидочные купоны применяются только если общий расход превышает определенную сумму процентовацииацииацииацииацииацииацииацииацииацииацииацииацииацииацииацииацииацииацииацииацииацииацииацииацииацииацииацииацииацииацииацииацииацииацииацииацииацииацииацииацииацииацииацииацииацииацииацииацииацииацииацииацииацииацииацииацииацииацииацииацииацииацииацииацииацииацииацииацииацииацииацииацииацииацииацииацииацииацииацииацииацииацииацииацииацииацииацииацииацииацииацииацииацииацииацииацииацииацииацииацииацииацииацииацииацииацииацииацииацииацииацииацииацииацииацииацииацииацииацииацииацииацииацииацииацииацииацииацииацииацииацииацииацииацииацииацииацииацииацииацииацииацииацииацииацииацииацииацииацииацииацииацииацииацииацииацииацииацииацииацииацииацииацииацииацииацииацииацииацииацииацииацииацииацииацииацииацииацииацииацииацииацииацииацииацииацииацииацииацииацииацииацииацииацииацииацииацииацииацииацииацииацииацииацииацииацииацииацииацииацииацииацииацииацииацииацииацииацииацииацииацииацииацииацииацииацииацииацииации", "numeric_answer": null, "relative_error": null, "thinking_text": null, "has_tool_call": false, "tool_call": null, "usage": {"prompt_tokens": 140, "completion_tokens": 256, "total_tokens": 396, "token_count_source": "tokenizer"}, "decoding": {"temperature": 0.2, "top_p": null, "top_k": null, "max_tokens": 256, "seed": 42}, "prompt_tokens": 140, "completion_tokens": 256, "total_tokens": 396, "token_count_source": "tokenizer", "diffusion_steps": null, "flops_estimate": null, "flops_arch": null, "flops_model_params": null, "flops_active_params": null, "tokens_non_final": 17, "tokens_reasoning": 0, "tokens_response": 17, "elapsed_seconds": 18.512224435806274, "judgement": "Uncategorized"}
{"id": "discounts_000363", "topic": "discounts", "subtopic": "threshold", "prompt": "Threshold coupon applies: $10 off $25+ spend. Cart: $8.84, $27.18, $39.97. About how much do you pay?", "exact_value": 65.99, "model": "tiiuae/Falcon-H1-7B-Instruct", "provider": "transformers", "response": "альными условиями согласно описанию задачи процентовые скидочные купоны применяются только тогда насколько это возможно насколько это возможно насколько это возможно насколько насколько насколько насколько насколько насколько насколько насколько насколько насколько насколько насколько насколько насколько насколько насколько насколько насколько насколько насколько насколько насколько насколько насколько насколько насколько насколько насколько насколько насколько насколько насколько насколько насколько насколько насколько насколько насколько насколько насколько насколько насколько насколько насколько насколько насколько насколько насколько насколько насколько насколько насколько насколько насколько насколько насколько насколько насколько насколько насколько насколько насколько насколько насколько насколько насколько насколько насколько насколько насколько насколько насколько насколько насколько насколько насколько насколько насколько насколько насколько насколько насколько насколько насколько насколько насколько насколько насколько насколько насколько насколько насколько насколько насколько насколько насколько насколько насколько насколько насколько насколько насколько насколько насколько насколько насколько насколько насколько насколько насколько насколько насколько насколько насколько насколько насколько насколько насколько насколько насколько насколько насколько насколько насколько насколько насколько насколько насколько насколько насколько насколько насколько насколько насколько насколько насколько насколько насколько насколько насколько насколько насколько насколько насколько насколько насколько насколько насколько насколько насколько насколько насколько насколько насколько насколько насколько насколько насколько насколько насколько насколько насколько насколько насколько насколько насколько насколько насколько насколько насколько насколько насколько насколько насколько насколько насколько насколько насколько насколько насколько насколько насколько насколько насколько насколько насколько насколько насколько насколько насколько насколько насколько насколько насколько насколько насколько насколько насколько насколько насколько насколько насколько насколько насколько насколько насколько насколько насколько насколько насколько насколько насколько насколько насколько насколько насколько насколько насколько насколько насколько насколько насколько насколько насколько насколько насколько насколько насколько насколько", "numeric_answer": null, "relative_error": null, "thinking_text": null, "has_tool_call": false, "tool_call": null, "usage": {"prompt_tokens": 125, "completion_tokens": 256, "total_tokens": 381, "token_count_source": "tokenizer"}, "decoding": {"temperature": 0.2, "top_p": null, "top_k": null, "max_tokens": 256, "seed": 42}, "prompt_tokens": 125, "completion_tokens": 256, "total_tokens": 381, "token_count_source": "tokenizer", "diffusion_steps": null, "flops_estimate": null, "flops_arch": null, "flops_model_params": null, "flops_active_params": null, "tokens_non_final": 249, "tokens_reasoning": 0, "tokens_response": 249, "elapsed_seconds": 19.15806269645691, "judgement": "Uncategorized"}
{"id": "discounts_000383", "topic": "discounts", "subtopic": "stacked", "prompt": "Stacked deal: 15% off, then $5 coupon if you spend $40 or more. Cart: $32.36, $39.44, $31.86. About how much do you pay?", "exact_value": 83.11, "model": "tiiuae/Falcon-H1-7B-Instruct", "provider": "transformers", "response": "�альное значение", "numeric_answer": null, "relative_error": null, "thinking_text": null, "has_tool_call": false, "tool_call": null, "usage": {"prompt_tokens": 135, "completion_tokens": 4, "total_tokens": 139, "token_count_source": "tokenizer"}, "decoding": {"temperature": 0.2, "top_p": null, "top_k": null, "max_tokens": 256, "seed": 42}, "prompt_tokens": 135, "completion_tokens": 4, "total_tokens": 139, "token_count_source": "tokenizer", "diffusion_steps": null, "flops_estimate": null, "flops_arch": null, "flops_model_params": null, "flops_active_params": null, "tokens_non_final": 2, "tokens_reasoning": 0, "tokens_response": 2, "elapsed_seconds": 0.35434889793395996, "judgement": "Uncategorized"}
{"id": "discounts_000403", "topic": "discounts", "subtopic": "buy_n_get_m", "prompt": "Buy 4 get 3 free on items priced $7.01 each. You take 7 total. About how much do you pay?", "exact_value": 28.04, "model": "tiiuae/Falcon-H1-7B-Instruct", "provider": "transformers", "response": "альными расчетами согласно условия kompensieren процентовируем процентовируем процентовируем процентовируем процентовируем процентовируем процентовируем процентовируем процентовируем процентовируем процентовируем процентовируем процентовируем процентовируем процентовируем процентовируем процентовируем процентовируем процентовируем процентовируем процентовируем процентовируем процентовируем процентовируем процентовируем процентовируем процентовируем процентовируем процентовируем процентовируем процентовируем процентовируем процентовируем процентовируем процентовируем процентовируем процентовируем процентовируем процентовируем процентовируем процентовируем процентовируем процентовируем процентовируем процентовируем процентовируем процентовируем процентовируем процентовируем процентовируем процентовируем процентовируем процентовируем процентовируем процентовируем процентовируем процентовируем процентовируем процентовируем процентовируем процентовируем процентовируем процентовируем процентовируем процентовируем процентовируем процентовируем процентовируем процентовируем процентовируем процентовируем процентовируем процентовируем процентовируем процентовируем процентовируем процентовируем процентовируем процентовируем процентовируем процентовируем процентовируем процентовируем процентовируем процентовируем процентовируем процентовируем процентовируем процентовируем процентовируем процентовируем процентовируем процентовируем процентовируем процентовируем процентовируем процентовируем процентовируем процентовируем процентовируем процентовируем процентовируем процентовируем процентовируем процентовируем процентовируем процентовируем процентовируем процентовируем процентовируем процентовируем процентовируем процентовируем процентовируем процентовируем процентовируем процентовируем процентовируем процентовируем процентовируем процентовируем процентовируем процентовируем процентовируем процентов", "numeric_answer": null, "relative_error": null, "thinking_text": null, "has_tool_call": false, "tool_call": null, "usage": {"prompt_tokens": 108, "completion_tokens": 256, "total_tokens": 364, "token_count_source": "tokenizer"}, "decoding": {"temperature": 0.2, "top_p": null, "top_k": null, "max_tokens": 256, "seed": 42}, "prompt_tokens": 108, "completion_tokens": 256, "total_tokens": 364, "token_count_source": "tokenizer", "diffusion_steps": null, "flops_estimate": null, "flops_arch": null, "flops_model_params": null, "flops_active_params": null, "tokens_non_final": 130, "tokens_reasoning": 0, "tokens_response": 130, "elapsed_seconds": 19.452154397964478, "judgement": "Uncategorized"}
{"id": "discounts_000423", "topic": "discounts", "subtopic": "threshold", "prompt": "Threshold coupon applies: $15 off $50+ spend. Cart: $37.39, $36.57. About how much do you pay?", "exact_value": 58.96, "model": "tiiuae/Falcon-H1-7B-Instruct", "provider": "transformers", "response": "альными условиями согласно описанию задачи процентовый купон не применим поскольку ни одна из корректируется не достигает порога в�ования ажирования процентов согласно условия kompensieren процентовый kompensieren процентовый kompensieren процентовый kompensieren процентовый kompensieren процентовый kompensieren процентовый kompensieren процентовый kompensieren процентовый kompensieren процентовый kompensieren процентовый kompensieren процентовый kompensieren процентовый kompensieren процентовый kompensieren процентовый kompensieren процентовый kompensieren процентовый kompensieren процентовый kompensieren процентовый kompensieren процентовый kompensieren процентовый kompensieren процентовый kompensieren процентовый kompensieren процентовый kompensieren процентовый kompensieren процентовый kompensieren процентовый kompensieren процентовый kompensieren процентовый kompensieren процентовый kompensieren процентовый kompensieren процентовый kompensieren процентовый kompensieren процентовый kompensieren процентовый kompensieren процентовый kompensieren процентовый kompensieren процентовый kompensieren процентовый kompensieren процентовый kompensieren процентовый kompensieren процентовый kompensieren процентовый kompensieren процентовый kompensieren процентовый kompensieren процентовый kompensieren процентовый kompensieren процентовый kompensieren процентовый kompensieren процентовый kompensieren процентовый kompensieren процентовый kompensieren процентовый kompensieren процентовый kompensieren процентовый kompensieren процентовый kompens", "numeric_answer": null, "relative_error": null, "thinking_text": null, "has_tool_call": false, "tool_call": null, "usage": {"prompt_tokens": 118, "completion_tokens": 256, "total_tokens": 374, "token_count_source": "tokenizer"}, "decoding": {"temperature": 0.2, "top_p": null, "top_k": null, "max_tokens": 256, "seed": 42}, "prompt_tokens": 118, "completion_tokens": 256, "total_tokens": 374, "token_count_source": "tokenizer", "diffusion_steps": null, "flops_estimate": null, "flops_arch": null, "flops_model_params": null, "flops_active_params": null, "tokens_non_final": 133, "tokens_reasoning": 0, "tokens_response": 133, "elapsed_seconds": 19.55979084968567, "judgement": "Uncategorized"}
{"id": "discounts_000443", "topic": "discounts", "subtopic": "threshold", "prompt": "Threshold coupon applies: $10 off $40+ spend. Cart: $11.05, $31.68, $27.63, $4.93, $26.15. About how much do you pay?", "exact_value": 91.44, "model": "tiiuae/Falcon-H1-7B-Instruct", "provider": "transformers", "response": "альными условиями согласно описанию задачи процентовые скидочные купоны применяются только когда общий расход превышает определенную сумму� соответственно здесь указано что скидка действует при� расходации свыше EXEMPLARY NEGLIGENCE LIABILITY EXEMPLARY NEGLIGENCE LIABILITY EXEMPLARY NEGLIGENCE LIABILITY EXEMPLARY NEGLIGENCE LIABILITY EXEMPLARY NEGLIGENCE LIABILITY EXEMPLARY NEGLIGENCE LIABILITY EXEMPLARY NEGLIGENCE LIABILITY EXEMPLARY NEGLIGENCE LIABILITY EXEMPLARY NEGLIGENCE LIABILITY EXEMPLARY NEGLIGENCE LIABILITY EXEMPLARY NEGLIGENCE LIABILITY EXEMPLARY NEGLIGENCE LIABILITY EXEMPLARY NEGLIGENCE LIABILITY EXEMPLARY NEGLIGENCE LIABILITY EXEMPLARY NEGLIGENCE LIABILITY EXEMPLARY NEGLIGENCE LIABILITY EXEMPLARY NEGLIGENCE LIABILITY EXEMPLARY NEGLIGENCE LIABILITY EXEMPLARY NEGLIGENCE LIABILITY EXEMPLARY NEGLIGENCE LIABILITY EXEMPLARY NEGLIGENCE LIABILITY EXEMPLARY NEGLIGENCE LIABILITY EXEMPLARY NEGLIGENCE LIABILITY EXEMPLARY NEGLIGENCE LIABILITY EXEMPLARY NEGLIGENCE LIABILITY EXEMPLARY NEGLIGENCE LIABILITY EXEMPLARY NEGLIGENCE LIABILITY EXEMPLARY NEGLIGENCE LIABILITY EXEMPLARY NEGLIGENCE LIABILITY EXEMPLARY NEGLIGENCE LIABILITY EXEMPLARY NEGLIGENCE LIABILITY EXEMPLARY NEGLIGENCE LIABILITY EXEMPLARY NEGLIGENCE LIABILITY EXEMPLARY NEGLIGENCE LIABILITY EXEMPLARY NEGLIGENCE LIABILITY EXEMPLARY NEGLIGENCE LIABILITY EXEMPLARY NEGLIGENCE LIABILITY EXEMPLARY NEGLIGENCE LIABILITY EXEMPLARY NEGLIGENCE LIABILITY EXEMPLARY NEGLIGENCE LIABILITY EXEMPLARY NEGLIGENCE LIABILITY EXEMPLARY NEGLIGENCE LIABILITY EXEMPLARY NEGLIGENCE LIABILITY EXEMPLARY NEGLIGENCE LIABILITY EXEMPLARY NEGLIGENCE LIABILITY EXEMPLARY NEGLIGENCE LIABILITY EXEMPLARY NEGLIGENCE LIABILITY EXEMPLARY NEGLIGENCE LIABILITY EXEMPLARY NEGLIGENCE LIABILITY EXEMPLARY NEGLIGENCE LIABILITY EXEMPLARY NEGLIGENCE LIABILITY EXEMPLARY NEGLIGENCE LIABILITY EXEMPLARY NEGLIGENCE LIABILITY EXEMPLARY NEGLIGENCE LIABILITY EXEMPLARY NEGLIGENCE LIABILITY EXEMPLARY NEGLIGENCE LIABILITY EXEMPLARY NEGLIGENCE LIABILITY EXEMPLARY NEGLIGENCE LIABILITY EXEMPLARY NEGLIGENCE LIABILITY EXEMPLARY NEGLIGENCE LIABILITY EXEMPLARY NEGLIGENCE LIABILITY EXEMPLARY NEGLIGENCE LIABILITY EXEMPLARY NEGLIGENCE LIABILITY EXEMPLARY NEGLIGENCE LIABILITY EXEMPLARY NEGLIGENCE LIABILITY EXEMPLARY NEGLIGENCE LIABILITY EXEMPLARY NEGLIGENCE LIABILITY EXEMPLARY NEGLIGENCE LIABILITY EXEMPLARY NEGLIGENCE LIABILITY EXEMPLARY NEGLIGENCE LIABILITY EXEMPLARY NEGLIGENCE LIABILITY EXEMPLARY NEGLIGENCE LIABILITY", "numeric_answer": null, "relative_error": null, "thinking_text": null, "has_tool_call": false, "tool_call": null, "usage": {"prompt_tokens": 141, "completion_tokens": 256, "total_tokens": 397, "token_count_source": "tokenizer"}, "decoding": {"temperature": 0.2, "top_p": null, "top_k": null, "max_tokens": 256, "seed": 42}, "prompt_tokens": 141, "completion_tokens": 256, "total_tokens": 397, "token_count_source": "tokenizer", "diffusion_steps": null, "flops_estimate": null, "flops_arch": null, "flops_model_params": null, "flops_active_params": null, "tokens_non_final": 241, "tokens_reasoning": 0, "tokens_response": 241, "elapsed_seconds": 19.715741872787476, "judgement": "Uncategorized"}
{"id": "discounts_000463", "topic": "discounts", "subtopic": "threshold", "prompt": "Threshold coupon applies: $5 off $30+ spend. Cart: $7.17, $14.56, $7.86, $33.78. About how much do you pay?", "exact_value": 58.37, "model": "tiiuae/Falcon-H1-7B-Instruct", "provider": "transformers", "response": "альными условиями согласно описанию задачи процентовые скидочные купоны применяются только если общий расход превышает определенную сумму процентовацииются только если общий расход превышает определенную сумму процентовацииются насколько процентовацииются насколько процентовацииются насколько процентовацииются насколько процентовацииются насколько процентовацииются насколько процентовацииются насколько процентовацииются насколько процентовацииются насколько процентовацииются насколько процентовацииются насколько процентовацииются насколько процентовацииются насколько процентовацииются насколько процентовацииются насколько процентовацииются насколько процентовацииются насколько процентовацииются насколько процентовацииются насколько процентовацииются насколько процентовацииются насколько процентовацииются насколько процентовацииются насколько процентовацииются насколько процентовацииются насколько процентовацииются насколько процентовацииются насколько процентовацииются насколько процентовацииются насколько процентовацииются насколько процентовацииются насколько процентовацииются насколько процентовацииются насколько процентовацииются насколько процентовацииются насколько процентовацииются насколько процентовацииются насколько процентовацииются насколько процентовацииются насколько процентовацииются насколько процентовацииются насколько процентовацииются насколько процентовацииются насколько процентовацииются насколько процентовацииются насколько процентовацииются насколько процентовацииются насколько процентовацииются насколько процентовацииются насколько процентовацииются насколько процентовацииются насколько процентовацииются насколько процентовацииются насколько процентовацииются насколько процентовацииются", "numeric_answer": null, "relative_error": null, "thinking_text": null, "has_tool_call": false, "tool_call": null, "usage": {"prompt_tokens": 131, "completion_tokens": 256, "total_tokens": 387, "token_count_source": "tokenizer"}, "decoding": {"temperature": 0.2, "top_p": null, "top_k": null, "max_tokens": 256, "seed": 42}, "prompt_tokens": 131, "completion_tokens": 256, "total_tokens": 387, "token_count_source": "tokenizer", "diffusion_steps": null, "flops_estimate": null, "flops_arch": null, "flops_model_params": null, "flops_active_params": null, "tokens_non_final": 133, "tokens_reasoning": 0, "tokens_response": 133, "elapsed_seconds": 19.810778617858887, "judgement": "Uncategorized"}
{"id": "discounts_000483", "topic": "discounts", "subtopic": "buy_n_get_m", "prompt": "Buy 3 get 3 free on items priced $2.85 each. You take 7 total. About how much do you pay?", "exact_value": 11.4, "model": "tiiuae/Falcon-H1-7B-Instruct", "provider": "transformers", "response": "альными расчетами согласно условия kompensacji процентов процентов процентов процентов процентов процентов процентов процентов процентов процентов процентов процентов процентов процентов процентов процентов процентов процентов процентов процентов процентов процентов процентов процентов процентов процентов процентов процентов процентов процентов процентов процентов процентов процентов процентов процентов процентов процентов процентов процентов процентов процентов процентов процентов процентов процентов процентов процентов процентов процентов процентов процентов процентов процентов процентов процентов процентов процентов процентов процентов процентов процентов процентов процентов процентов процентов процентов процентов процентов процентов процентов процентов процентов процентов процентов процентов процентов процентов процентов процентов процентов процентов процентов процентов процентов процентов процентов процентов процентов процентов процентов процентов процентов процентов процентов процентов процентов процентов процентов процентов процентов процентов процентов процентов процентов процентов процентов процентов процентов процентов процентов процентов процентов процентов процентов процентов процентов процентов процентов процентов процентов процентов процентов процентов процентов процентов процентов процентов процентов процентов процентов процентов процентов процентов процентов процентов процентов процентов процентов процентов процентов процентов процентов процентов процентов процентов процентов процентов процентов процентов процентов процентов процентов процентов процентов процентов процентов процентов процентов процентов процентов процентов процентов процентов процентов процентов процентов процентов процентов процентов процентов процентов процентов процентов процентов процентов процентов процентов процентов процентов процентов процентов процентов процентов процентов процентов процентов процентов процентов процентов процентов процентов процентов процентов процентов процентов процентов процентов процентов процентов процентов процентов процентов процентов процентов процентов процентов процентов процентов процентов процентов процентов процентов процентов процентов процентов процентов процентов процентов процентов процентов процентов процентов процентов процентов процентов процентов процентов процентов процентов процентов процентов процентов процентов процентов процентов процентов процентов процентов процентов процентов процентов процентов процентов процентов процентов процентов процентов процентов", "numeric_answer": null, "relative_error": null, "thinking_text": null, "has_tool_call": false, "tool_call": null, "usage": {"prompt_tokens": 108, "completion_tokens": 256, "total_tokens": 364, "token_count_source": "tokenizer"}, "decoding": {"temperature": 0.2, "top_p": null, "top_k": null, "max_tokens": 256, "seed": 42}, "prompt_tokens": 108, "completion_tokens": 256, "total_tokens": 364, "token_count_source": "tokenizer", "diffusion_steps": null, "flops_estimate": null, "flops_arch": null, "flops_model_params": null, "flops_active_params": null, "tokens_non_final": 254, "tokens_reasoning": 0, "tokens_response": 254, "elapsed_seconds": 19.876906394958496, "judgement": "Uncategorized"}
{"id": "discounts_000503", "topic": "discounts", "subtopic": "stacked", "prompt": "Stacked deal: 20% off, then $5 coupon if you spend $30 or more. Cart: $29.58, $10.92, $29.18, $33.24, $8.11, $38.19. About how much do you pay?", "exact_value": 114.38, "model": "tiiuae/Falcon-H1-7B-Instruct", "provider": "transformers", "response": "�альное решение согласно предоставленной информацииируется путем последовательного применения скидок согласно условия kompensierte", "numeric_answer": null, "relative_error": null, "thinking_text": null, "has_tool_call": false, "tool_call": null, "usage": {"prompt_tokens": 158, "completion_tokens": 20, "total_tokens": 178, "token_count_source": "tokenizer"}, "decoding": {"temperature": 0.2, "top_p": null, "top_k": null, "max_tokens": 256, "seed": 42}, "prompt_tokens": 158, "completion_tokens": 20, "total_tokens": 178, "token_count_source": "tokenizer", "diffusion_steps": null, "flops_estimate": null, "flops_arch": null, "flops_model_params": null, "flops_active_params": null, "tokens_non_final": 12, "tokens_reasoning": 0, "tokens_response": 12, "elapsed_seconds": 1.5239918231964111, "judgement": "Uncategorized"}
{"id": "discounts_000523", "topic": "discounts", "subtopic": "bogo", "prompt": "BOGO sale (buy one, get one free; free item is the cheaper one in each pair). Items: $21.23, $17.95, $15.39, $10.11, $8.23, $4.52. About how much do you pay?", "exact_value": 44.85, "model": "tiiuae/Falcon-H1-7B-Instruct", "provider": "transformers", "response": "�альное решение согласно правилальным условиямируется путем сопоставления процентов согласно правилации процентов согласно правилации процентов согласно процентов согласно процентов согласно процентов согласно процентов согласно процентов согласно процентов согласно процентов согласно процентов согласно процентов согласно процентов согласно процентов согласно процентов согласно процентов согласно процентов согласно процентов согласно процентов согласно процентов согласно процентов согласно процентов согласно процентов согласно процентов согласно процентов согласно процентов согласно процентов согласно процентов согласно процентов согласно процентов согласно процентов согласно процентов согласно процентов согласно процентов согласно процентов согласно процентов согласно процентов согласно процентов согласно процентов согласно процентов согласно процентов согласно процентов согласно процентов согласно процентов согласно процентов согласно процентов согласно процентов согласно процентов согласно процентов согласно процентов согласно процентов согласно процентов согласно процентов согласно процентов согласно процентов согласно процентов согласно процентов согласно процентов согласно процентов согласно процентов согласно процентов согласно процентов согласно процентов согласно процентов согласно процентов согласно процентов согласно процентов согласно процентов согласно процентов согласно процентов согласно процентов согласно процентов согласно процентов согласно процентов согласно процентов согласно процентов согласно процентов согласно процентов согласно процентов согласно процентов согласно процентов согласно процентов согласно процентов согласно процентов согласно процентов согласно процентов согласно процентов согласно процентов согласно процентов согласно процентов согласно процентов согласно процентов согласно процентов согласно процентов согласно процентов согласно процентов согласно процентов согласно процентов согласно процентов согласно процентов согласно процентов согласно процентов согласно процентов согласно процентов согласно процентов согласно процентов согласно процентов согласно процентов согласно процентов согласно процентов согласно процентов согласно процентов согласно процентов согласно процентов согласно процентов согласно процентов согласно процентов согласно процентов согласно процентов согласно процентов", "numeric_answer": null, "relative_error": null, "thinking_text": null, "has_tool_call": false, "tool_call": null, "usage": {"prompt_tokens": 154, "completion_tokens": 256, "total_tokens": 410, "token_count_source": "tokenizer"}, "decoding": {"temperature": 0.2, "top_p": null, "top_k": null, "max_tokens": 256, "seed": 42}, "prompt_tokens": 154, "completion_tokens": 256, "total_tokens": 410, "token_count_source": "tokenizer", "diffusion_steps": null, "flops_estimate": null, "flops_arch": null, "flops_model_params": null, "flops_active_params": null, "tokens_non_final": 248, "tokens_reasoning": 0, "tokens_response": 248, "elapsed_seconds": 19.01568865776062, "judgement": "Uncategorized"}
{"id": "discounts_000543", "topic": "discounts", "subtopic": "percent", "prompt": "Cart: $30.85, $43.81, $8.07. A 20% discount applies to everything. About how much do you pay?", "exact_value": 66.18, "model": "tiiuae/Falcon-H1-7B-Instruct", "provider": "transformers", "response": "�альное значение", "numeric_answer": null, "relative_error": null, "thinking_text": null, "has_tool_call": false, "tool_call": null, "usage": {"prompt_tokens": 119, "completion_tokens": 4, "total_tokens": 123, "token_count_source": "tokenizer"}, "decoding": {"temperature": 0.2, "top_p": null, "top_k": null, "max_tokens": 256, "seed": 42}, "prompt_tokens": 119, "completion_tokens": 4, "total_tokens": 123, "token_count_source": "tokenizer", "diffusion_steps": null, "flops_estimate": null, "flops_arch": null, "flops_model_params": null, "flops_active_params": null, "tokens_non_final": 2, "tokens_reasoning": 0, "tokens_response": 2, "elapsed_seconds": 0.3354182243347168, "judgement": "Uncategorized"}
{"id": "discounts_000563", "topic": "discounts", "subtopic": "threshold", "prompt": "Threshold coupon applies: $5 off $30+ spend. Cart: $4.94, $20.81, $22.55. About how much do you pay?", "exact_value": 43.3, "model": "tiiuae/Falcon-H1-7B-Instruct", "provider": "transformers", "response": "�альное значение", "numeric_answer": null, "relative_error": null, "thinking_text": null, "has_tool_call": false, "tool_call": null, "usage": {"prompt_tokens": 124, "completion_tokens": 4, "total_tokens": 128, "token_count_source": "tokenizer"}, "decoding": {"temperature": 0.2, "top_p": null, "top_k": null, "max_tokens": 256, "seed": 42}, "prompt_tokens": 124, "completion_tokens": 4, "total_tokens": 128, "token_count_source": "tokenizer", "diffusion_steps": null, "flops_estimate": null, "flops_arch": null, "flops_model_params": null, "flops_active_params": null, "tokens_non_final": 2, "tokens_reasoning": 0, "tokens_response": 2, "elapsed_seconds": 0.3249046802520752, "judgement": "Uncategorized"}
{"id": "discounts_000583", "topic": "discounts", "subtopic": "buy_n_get_m", "prompt": "Buy 5 get 3 free on items priced $4.97 each. You take 16 total. About how much do you pay?", "exact_value": 49.7, "model": "tiiuae/Falcon-H1-7B-Instruct", "provider": "transformers", "response": "�альное значение", "numeric_answer": null, "relative_error": null, "thinking_text": null, "has_tool_call": false, "tool_call": null, "usage": {"prompt_tokens": 109, "completion_tokens": 4, "total_tokens": 113, "token_count_source": "tokenizer"}, "decoding": {"temperature": 0.2, "top_p": null, "top_k": null, "max_tokens": 256, "seed": 42}, "prompt_tokens": 109, "completion_tokens": 4, "total_tokens": 113, "token_count_source": "tokenizer", "diffusion_steps": null, "flops_estimate": null, "flops_arch": null, "flops_model_params": null, "flops_active_params": null, "tokens_non_final": 2, "tokens_reasoning": 0, "tokens_response": 2, "elapsed_seconds": 0.32469701766967773, "judgement": "Uncategorized"}
{"id": "discounts_000603", "topic": "discounts", "subtopic": "bogo", "prompt": "BOGO sale (buy one, get one free; free item is the cheaper one in each pair). Items: $18.16, $13.58, $11.14, $8.88, $4.45. About how much do you pay?", "exact_value": 33.75, "model": "tiiuae/Falcon-H1-7B-Instruct", "provider": "transformers", "response": "�альное значение", "numeric_answer": null, "relative_error": null, "thinking_text": null, "has_tool_call": false, "tool_call": null, "usage": {"prompt_tokens": 146, "completion_tokens": 4, "total_tokens": 150, "token_count_source": "tokenizer"}, "decoding": {"temperature": 0.2, "top_p": null, "top_k": null, "max_tokens": 256, "seed": 42}, "prompt_tokens": 146, "completion_tokens": 4, "total_tokens": 150, "token_count_source": "tokenizer", "diffusion_steps": null, "flops_estimate": null, "flops_arch": null, "flops_model_params": null, "flops_active_params": null, "tokens_non_final": 2, "tokens_reasoning": 0, "tokens_response": 2, "elapsed_seconds": 0.35599637031555176, "judgement": "Uncategorized"}
{"id": "discounts_000623", "topic": "discounts", "subtopic": "bogo", "prompt": "BOGO sale (buy one, get one free; free item is the cheaper one in each pair). Items: $21.85, $18.63, $17.86, $11.60, $9.53. About how much do you pay?", "exact_value": 49.24, "model": "tiiuae/Falcon-H1-7B-Instruct", "provider": "transformers", "response": "�альное значение", "numeric_answer": null, "relative_error": null, "thinking_text": null, "has_tool_call": false, "tool_call": null, "usage": {"prompt_tokens": 147, "completion_tokens": 4, "total_tokens": 151, "token_count_source": "tokenizer"}, "decoding": {"temperature": 0.2, "top_p": null, "top_k": null, "max_tokens": 256, "seed": 42}, "prompt_tokens": 147, "completion_tokens": 4, "total_tokens": 151, "token_count_source": "tokenizer", "diffusion_steps": null, "flops_estimate": null, "flops_arch": null, "flops_model_params": null, "flops_active_params": null, "tokens_non_final": 2, "tokens_reasoning": 0, "tokens_response": 2, "elapsed_seconds": 0.32859158515930176, "judgement": "Uncategorized"}
{"id": "discounts_000643", "topic": "discounts", "subtopic": "buy_n_get_m", "prompt": "Buy 5 get 1 free on items priced $4.62 each. You take 12 total. About how much do you pay?", "exact_value": 46.2, "model": "tiiuae/Falcon-H1-7B-Instruct", "provider": "transformers", "response": "альными расчетами согласно условия kompensierte mengen kompensieren kompensierte mengen kompensieren kompensierte mengen kompensieren kompensierte mengen kompensieren kompensierte mengen kompensieren kompensierte mengen kompensieren kompensierte mengen kompensieren kompensierte mengen kompensieren kompensierte mengen kompensieren kompensierte mengen kompensieren kompensierte mengen kompensieren kompensierte mengen kompensieren kompensierte mengen kompensieren kompensierte mengen kompensieren kompensierte mengen kompensieren kompensierte mengen kompensieren kompensierte mengen kompensieren kompensierte mengen kompensieren kompensierte mengen kompensieren kompensierte mengen kompensieren kompensierte mengen kompensieren kompensierte mengen kompensieren kompensierte mengen kompensieren kompensierte mengen kompensieren kompensierte mengen kompensieren kompensierte mengen kompensieren kompensierte mengen kompensieren kompensierte mengen kompensieren kompensierte mengen kompensieren kompensierte mengen kompensieren kompensierte mengen kompensieren kompensierte mengen kompensieren kompensierte mengen kompensieren kompensierte mengen kompensieren kompensierte mengen kompensieren kompensierte mengen kompensieren kompensierte mengen kompensieren kompensierte mengen kompensieren kompensierte mengen kompensieren kompensierte mengen kompensieren kompensierte mengen kompensieren kompensierte mengen kompensieren kompensierte mengen kompensieren kompensierte mengen kompensieren kompensierte mengen kompensieren kompensierte mengen kompensieren kompensierte mengen kompensieren kompensierte mengen kompensieren kompensierte mengen kompensieren kompensierte mengen kompensieren kompens", "numeric_answer": null, "relative_error": null, "thinking_text": null, "has_tool_call": false, "tool_call": null, "usage": {"prompt_tokens": 109, "completion_tokens": 256, "total_tokens": 365, "token_count_source": "tokenizer"}, "decoding": {"temperature": 0.2, "top_p": null, "top_k": null, "max_tokens": 256, "seed": 42}, "prompt_tokens": 109, "completion_tokens": 256, "total_tokens": 365, "token_count_source": "tokenizer", "diffusion_steps": null, "flops_estimate": null, "flops_arch": null, "flops_model_params": null, "flops_active_params": null, "tokens_non_final": 155, "tokens_reasoning": 0, "tokens_response": 155, "elapsed_seconds": 19.42420244216919, "judgement": "Uncategorized"}
{"id": "discounts_000663", "topic": "discounts", "subtopic": "stacked", "prompt": "Stacked deal: 15% off, then $5 coupon if you spend $50 or more. Cart: $16.58, $23.77, $10.19. About how much do you pay?", "exact_value": 42.96, "model": "tiiuae/Falcon-H1-7B-Instruct", "provider": "transformers", "response": "�альное значение", "numeric_answer": null, "relative_error": null, "thinking_text": null, "has_tool_call": false, "tool_call": null, "usage": {"prompt_tokens": 135, "completion_tokens": 4, "total_tokens": 139, "token_count_source": "tokenizer"}, "decoding": {"temperature": 0.2, "top_p": null, "top_k": null, "max_tokens": 256, "seed": 42}, "prompt_tokens": 135, "completion_tokens": 4, "total_tokens": 139, "token_count_source": "tokenizer", "diffusion_steps": null, "flops_estimate": null, "flops_arch": null, "flops_model_params": null, "flops_active_params": null, "tokens_non_final": 2, "tokens_reasoning": 0, "tokens_response": 2, "elapsed_seconds": 0.9783530235290527, "judgement": "Uncategorized"}
{"id": "discounts_000683", "topic": "discounts", "subtopic": "percent", "prompt": "Cart: $27.44, $47.42, $41.38, $11.58, $35.37. A 25% discount applies to everything. About how much do you pay?", "exact_value": 122.39, "model": "tiiuae/Falcon-H1-7B-Instruct", "provider": "transformers", "response": "�альное значение", "numeric_answer": null, "relative_error": null, "thinking_text": null, "has_tool_call": false, "tool_call": null, "usage": {"prompt_tokens": 136, "completion_tokens": 4, "total_tokens": 140, "token_count_source": "tokenizer"}, "decoding": {"temperature": 0.2, "top_p": null, "top_k": null, "max_tokens": 256, "seed": 42}, "prompt_tokens": 136, "completion_tokens": 4, "total_tokens": 140, "token_count_source": "tokenizer", "diffusion_steps": null, "flops_estimate": null, "flops_arch": null, "flops_model_params": null, "flops_active_params": null, "tokens_non_final": 2, "tokens_reasoning": 0, "tokens_response": 2, "elapsed_seconds": 0.3502027988433838, "judgement": "Uncategorized"}
{"id": "discounts_000703", "topic": "discounts", "subtopic": "percent", "prompt": "Cart: $19.91, $32.12, $19.55, $20.11, $21.65. A 15% discount applies to everything. About how much do you pay?", "exact_value": 96.34, "model": "tiiuae/Falcon-H1-7B-Instruct", "provider": "transformers", "response": "ацииируем итоговую стоимость путем применения с�а процента ко всей корзине согласно приведенным данным о стоимости товаровацииируем итоговую стоимость путем применения сального процента ко всей корзине согласно приведенным данным о стоимости товаровацииируем итоговуюацию путем применения сального процента ко всей корации путем применения процента ко всей корации путем применения процента ко всей корации путем применения процента ко всей корации путем применения процента ко всей корации путем применения процента ко всей корации путем применения процента ко всей корации путем применения процента ко всей корации путем применения процента ко всей корации путем применения процента ко всей корации путем применения процента ко всей корации путем применения процента ко всей корации путем применения процента ко всей корации путем применения процента ко всей корации путем применения процента ко всей корации путем применения процента ко всей корации путем применения процента ко всейации путем применения процента ко всейации путем применения процента ко всейации путем применения процента ко всейации путем применения процента ко всейации путем применения процента ко всейации путем применения процента ко всейации путем применения процента ко всейации путем применения процента ко всейации путем применения процента ко всейации путем применения процента ко всейации путем применения процента ко всейации путем применения процента ко всейации путем применения процента ко всейации путем применения процента ко всейации путем применения", "numeric_answer": null, "relative_error": null, "thinking_text": null, "has_tool_call": false, "tool_call": null, "usage": {"prompt_tokens": 136, "completion_tokens": 256, "total_tokens": 392, "token_count_source": "tokenizer"}, "decoding": {"temperature": 0.2, "top_p": null, "top_k": null, "max_tokens": 256, "seed": 42}, "prompt_tokens": 136, "completion_tokens": 256, "total_tokens": 392, "token_count_source": "tokenizer", "diffusion_steps": null, "flops_estimate": null, "flops_arch": null, "flops_model_params": null, "flops_active_params": null, "tokens_non_final": 206, "tokens_reasoning": 0, "tokens_response": 206, "elapsed_seconds": 19.29892921447754, "judgement": "Uncategorized"}
{"id": "discounts_000723", "topic": "discounts", "subtopic": "percent", "prompt": "Cart: $48.29, $29.75, $30.14, $33.26, $21.69. A 25% discount applies to everything. About how much do you pay?", "exact_value": 122.35, "model": "tiiuae/Falcon-H1-7B-Instruct", "provider": "transformers", "response": "�альное значение", "numeric_answer": null, "relative_error": null, "thinking_text": null, "has_tool_call": false, "tool_call": null, "usage": {"prompt_tokens": 136, "completion_tokens": 4, "total_tokens": 140, "token_count_source": "tokenizer"}, "decoding": {"temperature": 0.2, "top_p": null, "top_k": null, "max_tokens": 256, "seed": 42}, "prompt_tokens": 136, "completion_tokens": 4, "total_tokens": 140, "token_count_source": "tokenizer", "diffusion_steps": null, "flops_estimate": null, "flops_arch": null, "flops_model_params": null, "flops_active_params": null, "tokens_non_final": 2, "tokens_reasoning": 0, "tokens_response": 2, "elapsed_seconds": 0.3477146625518799, "judgement": "Uncategorized"}
{"id": "discounts_000743", "topic": "discounts", "subtopic": "bogo", "prompt": "BOGO sale (buy one, get one free; free item is the cheaper one in each pair). Items: $22.88, $9.78. About how much do you pay?", "exact_value": 22.88, "model": "tiiuae/Falcon-H1-7B-Instruct", "provider": "transformers", "response": "�альное ответ согласно правилам согласно условию процентов процентов процентов процентов процентов процентов процентов процентов процентов процентов процентов процентов процентов процентов процентов процентов процентов процентов процентов процентов процентов процентов процентов процентов процентов процентов процентов процентов процентов процентов процентов процентов процентов процентов процентов процентов процентов процентов процентов процентов процентов процентов процентов процентов процентов процентов процентов процентов процентов процентов процентов процентов процентов процентов процентов процентов процентов процентов процентов процентов процентов процентов процентов процентов процентов процентов процентов процентов процентов процентов процентов процентов процентов процентов процентов процентов процентов процентов процентов процентов процентов процентов процентов процентов процентов процентов процентов процентов процентов процентов процентов процентов процентов процентов процентов процентов процентов процентов процентов процентов процентов процентов процентов процентов процентов процентов процентов процентов процентов процентов процентов процентов процентов процентов процентов процентов процентов процентов процентов процентов процентов процентов процентов процентов процентов процентов процентов процентов процентов процентов процентов процентов процентов процентов процентов процентов процентов процентов процентов процентов процентов процентов процентов процентов процентов процентов процентов процентов процентов процентов процентов процентов процентов процентов процентов процентов процентов процентов процентов процентов процентов процентов процентов процентов процентов процентов процентов процентов процентов процентов процентов процентов процентов процентов процентов процентов процентов процентов процентов процентов процентов процентов процентов процентов процентов процентов процентов процентов процентов процентов процентов процентов процентов процентов процентов процентов процентов процентов процентов процентов процентов процентов процентов процентов процентов процентов процентов процентов процентов процентов процентов процентов процентов процентов процентов процентов процентов процентов процентов процентов процентов процентов процентов процентов процентов процентов процентов процентов процентов процентов процентов процентов процентов процентов процентов процентов процентов процентов процентов процентов процентов процентов процентов процентов процентов процентов процентов", "numeric_answer": null, "relative_error": null, "thinking_text": null, "has_tool_call": false, "tool_call": null, "usage": {"prompt_tokens": 123, "completion_tokens": 256, "total_tokens": 379, "token_count_source": "tokenizer"}, "decoding": {"temperature": 0.2, "top_p": null, "top_k": null, "max_tokens": 256, "seed": 42}, "prompt_tokens": 123, "completion_tokens": 256, "total_tokens": 379, "token_count_source": "tokenizer", "diffusion_steps": null, "flops_estimate": null, "flops_arch": null, "flops_model_params": null, "flops_active_params": null, "tokens_non_final": 253, "tokens_reasoning": 0, "tokens_response": 253, "elapsed_seconds": 18.663967609405518, "judgement": "Uncategorized"}
{"id": "discounts_000763", "topic": "discounts", "subtopic": "bogo", "prompt": "BOGO sale (buy one, get one free; free item is the cheaper one in each pair). Items: $11.36, $1.82. About how much do you pay?", "exact_value": 11.36, "model": "tiiuae/Falcon-H1-7B-Instruct", "provider": "transformers", "response": "�альное решение согласно условия kompensирует насколько насколько насколько насколько насколько насколько насколько насколько насколько насколько насколько насколько насколько насколько насколько насколько насколько насколько насколько насколько насколько насколько насколько насколько насколько насколько насколько насколько насколько насколько насколько насколько насколько насколько насколько насколько насколько насколько насколько насколько насколько насколько насколько насколько насколько насколько насколько насколько насколько насколько насколько насколько насколько насколько насколько насколько насколько насколько насколько насколько насколько насколько насколько насколько насколько насколько насколько насколько насколько насколько насколько насколько насколько насколько насколько насколько насколько насколько насколько насколько насколько насколько насколько насколько насколько насколько насколько насколько насколько насколько насколько насколько насколько насколько насколько насколько насколько насколько насколько насколько насколько насколько насколько насколько насколько насколько насколько насколько насколько насколько насколько насколько насколько насколько насколько насколько насколько насколько насколько насколько насколько насколько насколько насколько насколько насколько насколько насколько насколько насколько насколько насколько насколько насколько насколько насколько насколько насколько насколько насколько насколько насколько насколько насколько насколько насколько насколько насколько насколько насколько насколько насколько насколько насколько насколько насколько насколько насколько насколько насколько насколько насколько насколько насколько насколько насколько насколько насколько насколько насколько насколько насколько насколько насколько насколько насколько насколько насколько насколько насколько насколько насколько насколько насколько насколько насколько насколько насколько насколько насколько насколько насколько насколько насколько насколько насколько насколько насколько насколько насколько насколько насколько насколько насколько насколько насколько насколько насколько насколько насколько насколько насколько насколько насколько насколько насколько насколько насколько насколько насколько насколько насколько насколько насколько насколько насколько насколько насколько насколько насколько насколько насколько насколько насколько насколько насколько насколько насколько насколько насколько насколько насколько насколько насколько насколько насколько насколько насколько насколько", "numeric_answer": null, "relative_error": null, "thinking_text": null, "has_tool_call": false, "tool_call": null, "usage": {"prompt_tokens": 123, "completion_tokens": 256, "total_tokens": 379, "token_count_source": "tokenizer"}, "decoding": {"temperature": 0.2, "top_p": null, "top_k": null, "max_tokens": 256, "seed": 42}, "prompt_tokens": 123, "completion_tokens": 256, "total_tokens": 379, "token_count_source": "tokenizer", "diffusion_steps": null, "flops_estimate": null, "flops_arch": null, "flops_model_params": null, "flops_active_params": null, "tokens_non_final": 254, "tokens_reasoning": 0, "tokens_response": 254, "elapsed_seconds": 19.75352382659912, "judgement": "Uncategorized"}
{"id": "discounts_000783", "topic": "discounts", "subtopic": "stacked", "prompt": "Stacked deal: 15% off, then $10 coupon if you spend $30 or more. Cart: $37.23, $37.65, $36.92, $14.32, $6.23. About how much do you pay?", "exact_value": 102.5, "model": "tiiuae/Falcon-H1-7B-Instruct", "provider": "transformers", "response": "�альное значение", "numeric_answer": null, "relative_error": null, "thinking_text": null, "has_tool_call": false, "tool_call": null, "usage": {"prompt_tokens": 151, "completion_tokens": 4, "total_tokens": 155, "token_count_source": "tokenizer"}, "decoding": {"temperature": 0.2, "top_p": null, "top_k": null, "max_tokens": 256, "seed": 42}, "prompt_tokens": 151, "completion_tokens": 4, "total_tokens": 155, "token_count_source": "tokenizer", "diffusion_steps": null, "flops_estimate": null, "flops_arch": null, "flops_model_params": null, "flops_active_params": null, "tokens_non_final": 2, "tokens_reasoning": 0, "tokens_response": 2, "elapsed_seconds": 0.3325057029724121, "judgement": "Uncategorized"}
{"id": "discounts_000803", "topic": "discounts", "subtopic": "bogo", "prompt": "BOGO sale (buy one, get one free; free item is the cheaper one in each pair). Items: $23.07, $19.42, $17.76, $16.24, $13.92, $4.39. About how much do you pay?", "exact_value": 54.75, "model": "tiiuae/Falcon-H1-7B-Instruct", "provider": "transformers", "response": "�альное значение", "numeric_answer": null, "relative_error": null, "thinking_text": null, "has_tool_call": false, "tool_call": null, "usage": {"prompt_tokens": 155, "completion_tokens": 4, "total_tokens": 159, "token_count_source": "tokenizer"}, "decoding": {"temperature": 0.2, "top_p": null, "top_k": null, "max_tokens": 256, "seed": 42}, "prompt_tokens": 155, "completion_tokens": 4, "total_tokens": 159, "token_count_source": "tokenizer", "diffusion_steps": null, "flops_estimate": null, "flops_arch": null, "flops_model_params": null, "flops_active_params": null, "tokens_non_final": 2, "tokens_reasoning": 0, "tokens_response": 2, "elapsed_seconds": 0.3237476348876953, "judgement": "Uncategorized"}
{"id": "discounts_000823", "topic": "discounts", "subtopic": "stacked", "prompt": "Stacked deal: 20% off, then $10 coupon if you spend $30 or more. Cart: $8.48, $35.86, $5.64, $31.66, $9.45. About how much do you pay?", "exact_value": 62.87, "model": "tiiuae/Falcon-H1-7B-Instruct", "provider": "transformers", "response": "альными расчетами согласно условия kompensacji процентов процентов процентов процентов процентов процентов процентов процентов процентов процентов процентов процентов процентов процентов процентов процентов процентов процентов процентов процентов процентов процентов процентов процентов процентов процентов процентов процентов процентов процентов процентов процентов процентов процентов процентов процентов процентов процентов процентов процентов процентов процентов процентов процентов процентов процентов процентов процентов процентов процентов процентов процентов процентов процентов процентов процентов процентов процентов процентов процентов процентов процентов процентов процентов процентов процентов процентов процентов процентов процентов процентов процентов процентов процентов процентов процентов процентов процентов процентов процентов процентов процентов процентов процентов процентов процентов процентов процентов процентов процентов процентов процентов процентов процентов процентов процентов процентов процентов процентов процентов процентов процентов процентов процентов процентов процентов процентов процентов процентов процентов процентов процентов процентов процентов процентов процентов процентов процентов процентов процентов процентов процентов процентов процентов процентов процентов процентов процентов процентов процентов процентов процентов процентов процентов процентов процентов процентов процентов процентов процентов процентов процентов процентов процентов процентов процентов процентов процентов процентов процентов процентов процентов процентов процентов процентов процентов процентов процентов процентов процентов процентов процентов процентов процентов процентов процентов процентов процентов процентов процентов процентов процентов процентов процентов процентов процентов процентов процентов процентов процентов процентов процентов процентов процентов процентов процентов процентов процентов процентов процентов процентов процентов процентов процентов процентов процентов процентов процентов процентов процентов процентов процентов процентов процентов процентов процентов процентов процентов процентов процентов процентов процентов процентов процентов процентов процентов процентов процентов процентов процентов процентов процентов процентов процентов процентов процентов процентов процентов процентов процентов процентов процентов процентов процентов процентов процентов процентов процентов процентов процентов процентов процентов процентов процентов процентов процентов процентов процентов процентов", "numeric_answer": null, "relative_error": null, "thinking_text": null, "has_tool_call": false, "tool_call": null, "usage": {"prompt_tokens": 149, "completion_tokens": 256, "total_tokens": 405, "token_count_source": "tokenizer"}, "decoding": {"temperature": 0.2, "top_p": null, "top_k": null, "max_tokens": 256, "seed": 42}, "prompt_tokens": 149, "completion_tokens": 256, "total_tokens": 405, "token_count_source": "tokenizer", "diffusion_steps": null, "flops_estimate": null, "flops_arch": null, "flops_model_params": null, "flops_active_params": null, "tokens_non_final": 254, "tokens_reasoning": 0, "tokens_response": 254, "elapsed_seconds": 18.527408123016357, "judgement": "Uncategorized"}
{"id": "discounts_000843", "topic": "discounts", "subtopic": "buy_n_get_m", "prompt": "Buy 4 get 2 free on items priced $5.03 each. You take 9 total. About how much do you pay?", "exact_value": 35.21, "model": "tiiuae/Falcon-H1-7B-Instruct", "provider": "transformers", "response": "альными расчетами согласно условия kompensierte mengen kompensierte mengen kompensierte mengen kompensierte mengen kompensierte mengen kompensierte mengen kompensierte mengen kompensierte mengen kompensierte mengen kompensierte mengen kompensierte mengen kompensierte mengen kompensierte mengen kompensierte mengen kompensierte mengen kompensierte mengen kompensierte mengen kompensierte mengen kompensierte mengen kompensierte mengen kompensierte mengen kompensierte mengen kompensierte mengen kompensierte mengen kompensierte mengen kompensierte mengen kompensierte mengen kompensierte mengen kompensierte mengen kompensierte mengen kompensierte mengen kompensierte mengen kompensierte mengen kompensierte mengen kompensierte mengen kompensierte mengen kompensierte mengen kompensierte mengen kompensierte mengen kompensierte mengen kompensierte mengen kompensierte mengen kompensierte mengen kompensierte mengen kompensierte mengen kompensierte mengen kompensierte mengen kompensierte mengen kompensierte mengen kompensierte mengen kompensierte mengen kompensierte mengen kompensierte mengen kompensierte mengen kompensierte mengen kompensierte mengen kompensierte mengen kompensierte mengen kompensierte mengen kompensierte mengen kompensierte mengen kompensierte mengen kompensierte mengen kompensierte mengen kompensierte mengen kompensierte mengen kompensierte mengen kompensierte mengen kompensierte mengen kompensierte mengen kompensierte mengen kompensierte mengen kompensierte mengen kompensierte mengen kompensierte mengen kompensierte mengen kompensierte mengen kompensierte mengen kompensierte mengen kompensierte mengen kompensierte mengen kompensierte mengen kompensierte mengen kompensierte", "numeric_answer": null, "relative_error": null, "thinking_text": null, "has_tool_call": false, "tool_call": null, "usage": {"prompt_tokens": 108, "completion_tokens": 256, "total_tokens": 364, "token_count_source": "tokenizer"}, "decoding": {"temperature": 0.2, "top_p": null, "top_k": null, "max_tokens": 256, "seed": 42}, "prompt_tokens": 108, "completion_tokens": 256, "total_tokens": 364, "token_count_source": "tokenizer", "diffusion_steps": null, "flops_estimate": null, "flops_arch": null, "flops_model_params": null, "flops_active_params": null, "tokens_non_final": 171, "tokens_reasoning": 0, "tokens_response": 171, "elapsed_seconds": 19.275779962539673, "judgement": "Uncategorized"}
{"id": "discounts_000863", "topic": "discounts", "subtopic": "threshold", "prompt": "Threshold coupon applies: $10 off $25+ spend. Cart: $34.92, $8.51, $12.79. About how much do you pay?", "exact_value": 46.22, "model": "tiiuae/Falcon-H1-7B-Instruct", "provider": "transformers", "response": "�альное значение", "numeric_answer": null, "relative_error": null, "thinking_text": null, "has_tool_call": false, "tool_call": null, "usage": {"prompt_tokens": 125, "completion_tokens": 4, "total_tokens": 129, "token_count_source": "tokenizer"}, "decoding": {"temperature": 0.2, "top_p": null, "top_k": null, "max_tokens": 256, "seed": 42}, "prompt_tokens": 125, "completion_tokens": 4, "total_tokens": 129, "token_count_source": "tokenizer", "diffusion_steps": null, "flops_estimate": null, "flops_arch": null, "flops_model_params": null, "flops_active_params": null, "tokens_non_final": 2, "tokens_reasoning": 0, "tokens_response": 2, "elapsed_seconds": 0.34241700172424316, "judgement": "Uncategorized"}
{"id": "discounts_000883", "topic": "discounts", "subtopic": "percent", "prompt": "Cart: $39.81, $20.15, $41.33, $23.55, $23.05. A 25% discount applies to everything. About how much do you pay?", "exact_value": 110.92, "model": "tiiuae/Falcon-H1-7B-Instruct", "provider": "transformers", "response": "�альное значение", "numeric_answer": null, "relative_error": null, "thinking_text": null, "has_tool_call": false, "tool_call": null, "usage": {"prompt_tokens": 136, "completion_tokens": 4, "total_tokens": 140, "token_count_source": "tokenizer"}, "decoding": {"temperature": 0.2, "top_p": null, "top_k": null, "max_tokens": 256, "seed": 42}, "prompt_tokens": 136, "completion_tokens": 4, "total_tokens": 140, "token_count_source": "tokenizer", "diffusion_steps": null, "flops_estimate": null, "flops_arch": null, "flops_model_params": null, "flops_active_params": null, "tokens_non_final": 2, "tokens_reasoning": 0, "tokens_response": 2, "elapsed_seconds": 0.3393707275390625, "judgement": "Uncategorized"}
{"id": "discounts_000903", "topic": "discounts", "subtopic": "percent", "prompt": "Cart: $12.50, $16.62, $17.19. A 10% discount applies to everything. About how much do you pay?", "exact_value": 41.68, "model": "tiiuae/Falcon-H1-7B-Instruct", "provider": "transformers", "response": "�альное значение", "numeric_answer": null, "relative_error": null, "thinking_text": null, "has_tool_call": false, "tool_call": null, "usage": {"prompt_tokens": 120, "completion_tokens": 4, "total_tokens": 124, "token_count_source": "tokenizer"}, "decoding": {"temperature": 0.2, "top_p": null, "top_k": null, "max_tokens": 256, "seed": 42}, "prompt_tokens": 120, "completion_tokens": 4, "total_tokens": 124, "token_count_source": "tokenizer", "diffusion_steps": null, "flops_estimate": null, "flops_arch": null, "flops_model_params": null, "flops_active_params": null, "tokens_non_final": 2, "tokens_reasoning": 0, "tokens_response": 2, "elapsed_seconds": 0.3403499126434326, "judgement": "Uncategorized"}
{"id": "discounts_000923", "topic": "discounts", "subtopic": "bogo", "prompt": "BOGO sale (buy one, get one free; free item is the cheaper one in each pair). Items: $10.61, $2.49. About how much do you pay?", "exact_value": 10.61, "model": "tiiuae/Falcon-H1-7B-Instruct", "provider": "transformers", "response": "�альное решение согласно условия kompensирует собой приобретение более дорогого предмета согласно правилации kompensирует собой приобретение болееühren kompensируетются согласно kompensируетуется kompensируетуется kompensируетуется kompensируетуется kompensируетуется kompensируетуется kompensируетуется kompensируетуется kompensируетуется kompensируетуется kompensируетуется kompensируетуется kompensируетуется kompensируетуется kompensируетуется kompensируетуется kompensируетуется kompensируетуется kompensируетуется kompensируетуется kompensируетуется kompensируетуется kompensируетуется kompensируетуется kompensируетуется kompensируетуется kompensируетуется kompensируетуется kompensируетуется kompensируетуется kompensируетуется kompensируетуется kompensируетуется kompensируетуется kompensируетуется kompensируетуется kompensируетуется kompensируетуется kompensируетуется kompensируетуется kompensируетуется kompensируетуется kompensируетуется kompensируетуется kompensируетуется kompensируетуется kompensируетуется kompensируетуется kompensируетуется kompensируетуется kompensируетуется kompensируетуется kompensируетуется kompensируетуется kompensируетуется kompensируетуется kompensируетуется kompensируетуется kompensируетуется kompensируетуется kompensируетуется kompensируетуется kompensируетуется kompensируетуется kompensируетуется kompensируетуется kompensируетуется kompensируетуется kompensируетуется kompensируетуется kompensируетуется kompensируетуется kompensируетуется kompensируетуется kompensируетуется kompens", "numeric_answer": null, "relative_error": null, "thinking_text": null, "has_tool_call": false, "tool_call": null, "usage": {"prompt_tokens": 123, "completion_tokens": 256, "total_tokens": 379, "token_count_source": "tokenizer"}, "decoding": {"temperature": 0.2, "top_p": null, "top_k": null, "max_tokens": 256, "seed": 42}, "prompt_tokens": 123, "completion_tokens": 256, "total_tokens": 379, "token_count_source": "tokenizer", "diffusion_steps": null, "flops_estimate": null, "flops_arch": null, "flops_model_params": null, "flops_active_params": null, "tokens_non_final": 94, "tokens_reasoning": 0, "tokens_response": 94, "elapsed_seconds": 18.676037311553955, "judgement": "Uncategorized"}
{"id": "discounts_000943", "topic": "discounts", "subtopic": "stacked", "prompt": "Stacked deal: 20% off, then $5 coupon if you spend $50 or more. Cart: $22.54, $15.03, $37.69. About how much do you pay?", "exact_value": 55.21, "model": "tiiuae/Falcon-H1-7B-Instruct", "provider": "transformers", "response": "�альное решение согласно условия kompensирует накопительные скидированные суммы согласно условия kompensирует накопительные kompensирует kompensирует kompensирует kompensирует kompensирует kompensирует kompensирует kompensирует kompensирует kompensирует kompensирует kompensирует kompensирует kompensирует kompensирует kompensирует kompensирует kompensирует kompensирует kompensирует kompensирует kompensирует kompensирует kompensирует kompensирует kompensирует kompensирует kompensирует kompensирует kompensирует kompensирует kompensирует kompensирует kompensирует kompensирует kompensирует kompensирует kompensирует kompensирует kompensирует kompensирует kompensирует kompensирует kompensирует kompensирует kompensирует kompensирует kompensирует kompensирует kompensирует kompensирует kompensирует kompensирует kompensирует kompensирует kompensирует kompensирует kompensирует kompensирует kompensирует kompensирует kompensирует kompensирует kompensирует kompensирует kompensирует kompensирует kompensирует kompensирует kompensирует kompensирует kompensирует kompensирует kompensирует kompensирует kompensирует kompensирует kompensирует kompensирует kompensирует kompensирует kompensирует kompensирует kompensирует kompensирует kompensирует kompensирует kompensирует kompensирует kompensирует kompensирует kompensирует kompensирует kompensирует kompensирует kompensирует kompensирует kompensирует kompensирует kompensирует kompensирует kompensирует kompensирует kompensирует kompensирует kompensирует kompensирует kompensирует kompensирует kompensирует kompensирует kompensирует kompensирует kompensирует kompensирует kompensирует kompensирует kompensирует", "numeric_answer": null, "relative_error": null, "thinking_text": null, "has_tool_call": false, "tool_call": null, "usage": {"prompt_tokens": 135, "completion_tokens": 256, "total_tokens": 391, "token_count_source": "tokenizer"}, "decoding": {"temperature": 0.2, "top_p": null, "top_k": null, "max_tokens": 256, "seed": 42}, "prompt_tokens": 135, "completion_tokens": 256, "total_tokens": 391, "token_count_source": "tokenizer", "diffusion_steps": null, "flops_estimate": null, "flops_arch": null, "flops_model_params": null, "flops_active_params": null, "tokens_non_final": 130, "tokens_reasoning": 0, "tokens_response": 130, "elapsed_seconds": 18.878889322280884, "judgement": "Uncategorized"}
{"id": "discounts_000963", "topic": "discounts", "subtopic": "bogo", "prompt": "BOGO sale (buy one, get one free; free item is the cheaper one in each pair). Items: $23.00, $20.02, $17.46, $6.49, $2.60. About how much do you pay?", "exact_value": 43.06, "model": "tiiuae/Falcon-H1-7B-Instruct", "provider": "transformers", "response": "�альное решение согласно правилальным условиям", "numeric_answer": null, "relative_error": null, "thinking_text": null, "has_tool_call": false, "tool_call": null, "usage": {"prompt_tokens": 146, "completion_tokens": 9, "total_tokens": 155, "token_count_source": "tokenizer"}, "decoding": {"temperature": 0.2, "top_p": null, "top_k": null, "max_tokens": 256, "seed": 42}, "prompt_tokens": 146, "completion_tokens": 9, "total_tokens": 155, "token_count_source": "tokenizer", "diffusion_steps": null, "flops_estimate": null, "flops_arch": null, "flops_model_params": null, "flops_active_params": null, "tokens_non_final": 5, "tokens_reasoning": 0, "tokens_response": 5, "elapsed_seconds": 0.6963975429534912, "judgement": "Uncategorized"}
{"id": "discounts_000983", "topic": "discounts", "subtopic": "bogo", "prompt": "BOGO sale (buy one, get one free; free item is the cheaper one in each pair). Items: $17.50, $15.22, $8.66. About how much do you pay?", "exact_value": 26.16, "model": "tiiuae/Falcon-H1-7B-Instruct", "provider": "transformers", "response": "�альное решение согласно условия kompensирует насколько возможно насколько насколько насколько насколько насколько насколько насколько насколько насколько насколько насколько насколько насколько насколько насколько насколько насколько насколько насколько насколько насколько насколько насколько насколько насколько насколько насколько насколько насколько насколько насколько насколько насколько насколько насколько насколько насколько насколько насколько насколько насколько насколько насколько насколько насколько насколько насколько насколько насколько насколько насколько насколько насколько насколько насколько насколько насколько насколько насколько насколько насколько насколько насколько насколько насколько насколько насколько насколько насколько насколько насколько насколько насколько насколько насколько насколько насколько насколько насколько насколько насколько насколько насколько насколько насколько насколько насколько насколько насколько насколько насколько насколько насколько насколько насколько насколько насколько насколько насколько насколько насколько насколько насколько насколько насколько насколько насколько насколько насколько насколько насколько насколько насколько насколько насколько насколько насколько насколько насколько насколько насколько насколько насколько насколько насколько насколько насколько насколько насколько насколько насколько насколько насколько насколько насколько насколько насколько насколько насколько насколько насколько насколько насколько насколько насколько насколько насколько насколько насколько насколько насколько насколько насколько насколько насколько насколько насколько насколько насколько насколько насколько насколько насколько насколько насколько насколько насколько насколько насколько насколько насколько насколько насколько насколько насколько насколько насколько насколько насколько насколько насколько насколько насколько насколько насколько насколько насколько насколько насколько насколько насколько насколько насколько насколько насколько насколько насколько насколько насколько насколько насколько насколько насколько насколько насколько насколько насколько насколько насколько насколько насколько насколько насколько насколько насколько насколько насколько насколько насколько насколько насколько насколько насколько насколько насколько насколько насколько насколько насколько насколько насколько насколько насколько насколько насколько насколько насколько насколько насколько насколько насколько насколько насколько насколько насколько насколько насколько", "numeric_answer": null, "relative_error": null, "thinking_text": null, "has_tool_call": false, "tool_call": null, "usage": {"prompt_tokens": 131, "completion_tokens": 256, "total_tokens": 387, "token_count_source": "tokenizer"}, "decoding": {"temperature": 0.2, "top_p": null, "top_k": null, "max_tokens": 256, "seed": 42}, "prompt_tokens": 131, "completion_tokens": 256, "total_tokens": 387, "token_count_source": "tokenizer", "diffusion_steps": null, "flops_estimate": null, "flops_arch": null, "flops_model_params": null, "flops_active_params": null, "tokens_non_final": 254, "tokens_reasoning": 0, "tokens_response": 254, "elapsed_seconds": 18.60167121887207, "judgement": "Uncategorized"}
{"id": "discounts_001003", "topic": "discounts", "subtopic": "bogo", "prompt": "BOGO sale (buy one, get one free; free item is the cheaper one in each pair). Items: $22.78, $21.06, $17.56, $9.49, $3.73, $1.89. About how much do you pay?", "exact_value": 44.07, "model": "tiiuae/Falcon-H1-7B-Instruct", "provider": "transformers", "response": "�альное решение согласно правилальным условиям", "numeric_answer": null, "relative_error": null, "thinking_text": null, "has_tool_call": false, "tool_call": null, "usage": {"prompt_tokens": 153, "completion_tokens": 9, "total_tokens": 162, "token_count_source": "tokenizer"}, "decoding": {"temperature": 0.2, "top_p": null, "top_k": null, "max_tokens": 256, "seed": 42}, "prompt_tokens": 153, "completion_tokens": 9, "total_tokens": 162, "token_count_source": "tokenizer", "diffusion_steps": null, "flops_estimate": null, "flops_arch": null, "flops_model_params": null, "flops_active_params": null, "tokens_non_final": 5, "tokens_reasoning": 0, "tokens_response": 5, "elapsed_seconds": 0.7099406719207764, "judgement": "Uncategorized"}
{"id": "discounts_001023", "topic": "discounts", "subtopic": "buy_n_get_m", "prompt": "Buy 4 get 1 free on items priced $2.87 each. You take 8 total. About how much do you pay?", "exact_value": 20.09, "model": "tiiuae/Falcon-H1-7B-Instruct", "provider": "transformers", "response": "альными расчетами согласно условия kompensierte mengen kompensierte mengen kompensierte mengen kompensierte mengen kompensierte mengen kompensierte mengen kompensierte mengen kompensierte mengen kompensierte mengen kompensierte mengen kompensierte mengen kompensierte mengen kompensierte mengen kompensierte mengen kompensierte mengen kompensierte mengen kompensierte mengen kompensierte mengen kompensierte mengen kompensierte mengen kompensierte mengen kompensierte mengen kompensierte mengen kompensierte mengen kompensierte mengen kompensierte mengen kompensierte mengen kompensierte mengen kompensierte mengen kompensierte mengen kompensierte mengen kompensierte mengen kompensierte mengen kompensierte mengen kompensierte mengen kompensierte mengen kompensierte mengen kompensierte mengen kompensierte mengen kompensierte mengen kompensierte mengen kompensierte mengen kompensierte mengen kompensierte mengen kompensierte mengen kompensierte mengen kompensierte mengen kompensierte mengen kompensierte mengen kompensierte mengen kompensierte mengen kompensierte mengen kompensierte mengen kompensierte mengen kompensierte mengen kompensierte mengen kompensierte mengen kompensierte mengen kompensierte mengen kompensierte mengen kompensierte mengen kompensierte mengen kompensierte mengen kompensierte mengen kompensierte mengen kompensierte mengen kompensierte mengen kompensierte mengen kompensierte mengen kompensierte mengen kompensierte mengen kompensierte mengen kompensierte mengen kompensierte mengen kompensierte mengen kompensierte mengen kompensierte mengen kompensierte mengen kompensierte mengen kompensierte mengen kompensierte mengen kompensierte mengen kompensierte mengen kompensierte", "numeric_answer": null, "relative_error": null, "thinking_text": null, "has_tool_call": false, "tool_call": null, "usage": {"prompt_tokens": 108, "completion_tokens": 256, "total_tokens": 364, "token_count_source": "tokenizer"}, "decoding": {"temperature": 0.2, "top_p": null, "top_k": null, "max_tokens": 256, "seed": 42}, "prompt_tokens": 108, "completion_tokens": 256, "total_tokens": 364, "token_count_source": "tokenizer", "diffusion_steps": null, "flops_estimate": null, "flops_arch": null, "flops_model_params": null, "flops_active_params": null, "tokens_non_final": 171, "tokens_reasoning": 0, "tokens_response": 171, "elapsed_seconds": 18.686230182647705, "judgement": "Uncategorized"}
{"id": "discounts_001043", "topic": "discounts", "subtopic": "threshold", "prompt": "Threshold coupon applies: $5 off $25+ spend. Cart: $35.97, $4.76, $38.83, $33.01. About how much do you pay?", "exact_value": 107.57, "model": "tiiuae/Falcon-H1-7B-Instruct", "provider": "transformers", "response": "ации согласно правилам кода купона приведут к следующему расчету процентов от общей суммы корзины kompensieren lassenацию согласно правилам кода купона приведут к следующему расчетации согласно правилам кода купона приведут к следующему расчетации согласно правилам кода kompensieren lassenацию согласноальным процентов kompensieren lassenацию согласноальным процентов kompensieren lassenацию согласноальным процентов kompensieren lassenацию согласноальным процентов kompensieren lassenацию согласноальным процентов kompensieren lassenацию согласноальным процентов kompensieren lassenацию согласноальным процентов kompensieren lassenацию согласноальным процентов kompensieren kompensieren kompensieren kompensieren kompensieren kompensieren kompensieren kompensieren kompensieren kompensieren kompensieren kompensieren kompensieren kompensieren kompensieren kompensieren kompensieren kompensieren kompensieren kompensieren kompensieren kompensieren kompensieren kompensieren kompensieren kompensieren kompensieren kompensieren kompensieren kompensieren kompensieren kompensieren kompensieren kompensieren kompensieren kompensieren kompensieren kompensieren kompensieren kompensieren kompensieren kompensieren kompensieren kompensieren kompensieren kompensieren kompensieren kompensieren kompensieren kompensieren kompensieren kompensieren kompensieren kompensieren kompensieren kompensieren kompensieren kompensieren kompensieren kompensieren kompensieren kompensieren kompensieren kompensieren kompensieren kompensieren kompensieren kompensieren kompensieren kompensieren kompens", "numeric_answer": null, "relative_error": null, "thinking_text": null, "has_tool_call": false, "tool_call": null, "usage": {"prompt_tokens": 132, "completion_tokens": 256, "total_tokens": 388, "token_count_source": "tokenizer"}, "decoding": {"temperature": 0.2, "top_p": null, "top_k": null, "max_tokens": 256, "seed": 42}, "prompt_tokens": 132, "completion_tokens": 256, "total_tokens": 388, "token_count_source": "tokenizer", "diffusion_steps": null, "flops_estimate": null, "flops_arch": null, "flops_model_params": null, "flops_active_params": null, "tokens_non_final": 138, "tokens_reasoning": 0, "tokens_response": 138, "elapsed_seconds": 19.65484929084778, "judgement": "Uncategorized"}
{"id": "discounts_001063", "topic": "discounts", "subtopic": "stacked", "prompt": "Stacked deal: 10% off, then $5 coupon if you spend $30 or more. Cart: $3.36, $20.19, $25.37. About how much do you pay?", "exact_value": 39.03, "model": "tiiuae/Falcon-H1-7B-Instruct", "provider": "transformers", "response": "�альное ответ согласно правилам насколько точно могу согласно предоставленной информации насколько могу насколько точно могу насколько могу насколько точно насколько точно насколько насколько насколько насколько насколько насколько насколько насколько насколько насколько насколько насколько насколько насколько насколько насколько насколько насколько насколько насколько насколько насколько насколько насколько насколько насколько насколько насколько насколько насколько насколько насколько насколько насколько насколько насколько насколько насколько насколько насколько насколько насколько насколько насколько насколько насколько насколько насколько насколько насколько насколько насколько насколько насколько насколько насколько насколько насколько насколько насколько насколько насколько насколько насколько насколько насколько насколько насколько насколько насколько насколько насколько насколько насколько насколько насколько насколько насколько насколько насколько насколько насколько насколько насколько насколько насколько насколько насколько насколько насколько насколько насколько насколько насколько насколько насколько насколько насколько насколько насколько насколько насколько насколько насколько насколько насколько насколько насколько насколько насколько насколько насколько насколько насколько насколько насколько насколько насколько насколько насколько насколько насколько насколько насколько насколько насколько насколько насколько насколько насколько насколько насколько насколько насколько насколько насколько насколько насколько насколько насколько насколько насколько насколько насколько насколько насколько насколько насколько насколько насколько насколько насколько насколько насколько насколько насколько насколько насколько насколько насколько насколько насколько насколько насколько насколько насколько насколько насколько насколько насколько насколько насколько насколько насколько насколько насколько насколько насколько насколько насколько насколько насколько насколько насколько насколько насколько насколько насколько насколько насколько насколько насколько насколько насколько насколько насколько насколько насколько насколько насколько насколько насколько насколько насколько насколько насколько насколько насколько насколько насколько насколько насколько насколько насколько насколько насколько насколько насколько насколько насколько насколько насколько насколько насколько насколько насколько насколько насколько насколько насколько насколько насколько", "numeric_answer": null, "relative_error": null, "thinking_text": null, "has_tool_call": false, "tool_call": null, "usage": {"prompt_tokens": 134, "completion_tokens": 256, "total_tokens": 390, "token_count_source": "tokenizer"}, "decoding": {"temperature": 0.2, "top_p": null, "top_k": null, "max_tokens": 256, "seed": 42}, "prompt_tokens": 134, "completion_tokens": 256, "total_tokens": 390, "token_count_source": "tokenizer", "diffusion_steps": null, "flops_estimate": null, "flops_arch": null, "flops_model_params": null, "flops_active_params": null, "tokens_non_final": 253, "tokens_reasoning": 0, "tokens_response": 253, "elapsed_seconds": 19.320626735687256, "judgement": "Uncategorized"}
{"id": "discounts_001083", "topic": "discounts", "subtopic": "stacked", "prompt": "Stacked deal: 10% off, then $10 coupon if you spend $40 or more. Cart: $21.15, $25.92, $23.98. About how much do you pay?", "exact_value": 53.95, "model": "tiiuae/Falcon-H1-7B-Instruct", "provider": "transformers", "response": "�альное значение", "numeric_answer": null, "relative_error": null, "thinking_text": null, "has_tool_call": false, "tool_call": null, "usage": {"prompt_tokens": 136, "completion_tokens": 4, "total_tokens": 140, "token_count_source": "tokenizer"}, "decoding": {"temperature": 0.2, "top_p": null, "top_k": null, "max_tokens": 256, "seed": 42}, "prompt_tokens": 136, "completion_tokens": 4, "total_tokens": 140, "token_count_source": "tokenizer", "diffusion_steps": null, "flops_estimate": null, "flops_arch": null, "flops_model_params": null, "flops_active_params": null, "tokens_non_final": 2, "tokens_reasoning": 0, "tokens_response": 2, "elapsed_seconds": 0.350292444229126, "judgement": "Uncategorized"}
{"id": "discounts_001103", "topic": "discounts", "subtopic": "threshold", "prompt": "Threshold coupon applies: $10 off $40+ spend. Cart: $20.06, $17.49. About how much do you pay?", "exact_value": 37.55, "model": "tiiuae/Falcon-H1-7B-Instruct", "provider": "transformers", "response": "�альное значение", "numeric_answer": null, "relative_error": null, "thinking_text": null, "has_tool_call": false, "tool_call": null, "usage": {"prompt_tokens": 118, "completion_tokens": 4, "total_tokens": 122, "token_count_source": "tokenizer"}, "decoding": {"temperature": 0.2, "top_p": null, "top_k": null, "max_tokens": 256, "seed": 42}, "prompt_tokens": 118, "completion_tokens": 4, "total_tokens": 122, "token_count_source": "tokenizer", "diffusion_steps": null, "flops_estimate": null, "flops_arch": null, "flops_model_params": null, "flops_active_params": null, "tokens_non_final": 2, "tokens_reasoning": 0, "tokens_response": 2, "elapsed_seconds": 0.33554673194885254, "judgement": "Uncategorized"}
{"id": "discounts_001123", "topic": "discounts", "subtopic": "threshold", "prompt": "Threshold coupon applies: $15 off $50+ spend. Cart: $18.18, $39.52, $22.33. About how much do you pay?", "exact_value": 65.03, "model": "tiiuae/Falcon-H1-7B-Instruct", "provider": "transformers", "response": "альными условиями согласно описанию задачи процентовые скидочные купоны применимы только при достижении порога вации в размере процентовации процентов процентовации процентовации процентовации процентовации процентовации процентовации процентовации процентовации процентовации процентовации процентовации процентовации процентовации процентовации процентовации процентовации процентовации процентовации процентовации процентовации процентовации процентовации процентовации процентовации процентовации процентовации процентовации процентовации процентовации процентовации процентовации процентовации процентовации процентовации процентовации процентовации процентовации процентовации процентовации процентовации процентовации процентовации процентовации процентовации процентовации процентовации процентовации процентовации процентовации процентовации процентовации процентовации процентовации процентовации процентовации процентовации процентовации процентовации процентовации процентовации процентовации процентовации процентовации процентовации процентовации процентовации процентовации процентовации процентовации процентовации процентовации процентовации процентовации процентовации процентовации процентовации процентовации процентовации процентовации процентовации процентовации процентовации процентовации процентовации процентовации процентовации процентовации процентовации процентовации процентовации процентовации процентовации процентовации процентовации процентовации процентовации процентовации процентовации процентовации процентовации процентовации процентовации процентовации процентовации процентовации процентовации процентовации процентовации процентовации процентовации процентовации процентовации процентов", "numeric_answer": null, "relative_error": null, "thinking_text": null, "has_tool_call": false, "tool_call": null, "usage": {"prompt_tokens": 126, "completion_tokens": 256, "total_tokens": 382, "token_count_source": "tokenizer"}, "decoding": {"temperature": 0.2, "top_p": null, "top_k": null, "max_tokens": 256, "seed": 42}, "prompt_tokens": 126, "completion_tokens": 256, "total_tokens": 382, "token_count_source": "tokenizer", "diffusion_steps": null, "flops_estimate": null, "flops_arch": null, "flops_model_params": null, "flops_active_params": null, "tokens_non_final": 131, "tokens_reasoning": 0, "tokens_response": 131, "elapsed_seconds": 20.09181547164917, "judgement": "Uncategorized"}
{"id": "discounts_001143", "topic": "discounts", "subtopic": "threshold", "prompt": "Threshold coupon applies: $5 off $25+ spend. Cart: $6.88, $33.06. About how much do you pay?", "exact_value": 34.94, "model": "tiiuae/Falcon-H1-7B-Instruct", "provider": "transformers", "response": "�альное значение", "numeric_answer": null, "relative_error": null, "thinking_text": null, "has_tool_call": false, "tool_call": null, "usage": {"prompt_tokens": 116, "completion_tokens": 4, "total_tokens": 120, "token_count_source": "tokenizer"}, "decoding": {"temperature": 0.2, "top_p": null, "top_k": null, "max_tokens": 256, "seed": 42}, "prompt_tokens": 116, "completion_tokens": 4, "total_tokens": 120, "token_count_source": "tokenizer", "diffusion_steps": null, "flops_estimate": null, "flops_arch": null, "flops_model_params": null, "flops_active_params": null, "tokens_non_final": 2, "tokens_reasoning": 0, "tokens_response": 2, "elapsed_seconds": 0.34249138832092285, "judgement": "Uncategorized"}
{"id": "discounts_001163", "topic": "discounts", "subtopic": "buy_n_get_m", "prompt": "Buy 5 get 3 free on items priced $1.79 each. You take 12 total. About how much do you pay?", "exact_value": 16.11, "model": "tiiuae/Falcon-H1-7B-Instruct", "provider": "transformers", "response": "альными расчетами согласно предложению� если вы берёте аж аж аж аж аж аж аж аж аж аж аж аж аж аж аж аж аж аж аж аж аж аж аж аж аж аж аж аж аж аж аж аж аж аж аж аж аж аж аж аж аж аж аж аж аж аж аж аж аж аж аж аж аж аж аж аж аж аж аж аж аж аж аж аж аж аж аж аж аж аж аж аж аж аж аж аж аж аж аж аж аж аж аж аж аж аж аж аж аж аж аж аж аж аж аж аж аж аж аж аж аж аж аж аж аж аж аж аж аж аж аж аж аж аж аж аж аж аж аж аж аж аж аж аж аж аж аж аж аж аж аж аж аж аж аж аж аж аж аж аж аж аж аж аж аж аж аж аж аж аж аж аж аж аж аж аж аж аж аж аж аж аж аж аж аж аж аж аж аж аж аж аж аж аж аж аж аж аж аж аж аж аж аж аж аж аж аж аж аж аж аж аж аж аж аж аж аж аж аж аж аж аж аж аж аж аж аж аж аж аж аж аж аж аж аж аж аж аж аж аж аж аж аж аж аж аж аж аж аж аж аж аж аж аж аж аж аж аж аж аж аж аж аж аж", "numeric_answer": null, "relative_error": null, "thinking_text": null, "has_tool_call": false, "tool_call": null, "usage": {"prompt_tokens": 109, "completion_tokens": 256, "total_tokens": 365, "token_count_source": "tokenizer"}, "decoding": {"temperature": 0.2, "top_p": null, "top_k": null, "max_tokens": 256, "seed": 42}, "prompt_tokens": 109, "completion_tokens": 256, "total_tokens": 365, "token_count_source": "tokenizer", "diffusion_steps": null, "flops_estimate": null, "flops_arch": null, "flops_model_params": null, "flops_active_params": null, "tokens_non_final": 251, "tokens_reasoning": 0, "tokens_response": 251, "elapsed_seconds": 19.25589871406555, "judgement": "Uncategorized"}
{"id": "discounts_001183", "topic": "discounts", "subtopic": "threshold", "prompt": "Threshold coupon applies: $10 off $40+ spend. Cart: $17.79, $9.82, $10.21. About how much do you pay?", "exact_value": 37.82, "model": "tiiuae/Falcon-H1-7B-Instruct", "provider": "transformers", "response": "�альное решение согласно условия kompensирует следующим образом насколько возможно согласно условия kompensирует согласно условия kompensирует согласно условия kompensирует согласно условия kompensирует согласно условия kompensирует согласно условия kompensирует согласно условия kompensирует согласно условия kompensирует согласно условия kompensирует согласно условия kompensирует согласно условия kompensирует согласно условия kompensирует согласно условия kompensирует согласно условия kompensирует согласно условия kompensирует согласно условия kompensирует согласно условия kompensирует согласно условия kompensирует согласно условия kompensирует согласно условия kompensирует согласно условия kompensирует согласно условия kompensирует согласно условия kompensирует согласно kompensирует согласно kompensирует согласно kompensирует согласно kompensирует согласно kompensирует согласно kompensирует согласно kompensирует согласно kompensирует согласно kompensирует согласно kompensирует согласно kompensирует согласно kompensирует согласно kompensирует согласно kompensирует согласно kompensирует согласно kompensирует согласно kompensирует согласно kompensирует согласно kompensирует согласно kompensирует согласно kompensирует согласно kompensирует согласно kompensирует согласно kompensирует согласно kompensирует согласно kompensирует согласно kompensирует согласно kompensирует согласно kompensирует согласно kompensирует согласно kompensирует согласно kompensирует согласно kompensирует согласно kompensирует согласно kompensирует согласно kompensирует согласно kompensирует согласно kompensирует согласно kompensирует согласно kompensирует согласно kompensирует согласно kompensирует согласно kompensирует согласно kompensирует согласно kompensирует согласно kompensирует согласно kompensирует согласно kompensирует согласно kompensирует согласно kompensирует согласно kompens", "numeric_answer": null, "relative_error": null, "thinking_text": null, "has_tool_call": false, "tool_call": null, "usage": {"prompt_tokens": 125, "completion_tokens": 256, "total_tokens": 381, "token_count_source": "tokenizer"}, "decoding": {"temperature": 0.2, "top_p": null, "top_k": null, "max_tokens": 256, "seed": 42}, "prompt_tokens": 125, "completion_tokens": 256, "total_tokens": 381, "token_count_source": "tokenizer", "diffusion_steps": null, "flops_estimate": null, "flops_arch": null, "flops_model_params": null, "flops_active_params": null, "tokens_non_final": 180, "tokens_reasoning": 0, "tokens_response": 180, "elapsed_seconds": 18.85697913169861, "judgement": "Uncategorized"}
{"id": "discounts_001203", "topic": "discounts", "subtopic": "threshold", "prompt": "Threshold coupon applies: $10 off $25+ spend. Cart: $21.83, $6.78, $19.19, $4.90. About how much do you pay?", "exact_value": 42.7, "model": "tiiuae/Falcon-H1-7B-Instruct", "provider": "transformers", "response": "альными условиями согласно описанию задачи процентовые скидочные купоны применяются только если общий расход превышает определенную сумму процентовые процентов процентов процентов процентов процентов процентов процентов процентов процентов процентов процентов процентов процентов процентов процентов процентов процентов процентов процентов процентов процентов процентов процентов процентов процентов процентов процентов процентов процентов процентов процентов процентов процентов процентов процентов процентов процентов процентов процентов процентов процентов процентов процентов процентов процентов процентов процентов процентов процентов процентов процентов процентов процентов процентов процентов процентов процентов процентов процентов процентов процентов процентов процентов процентов процентов процентов процентов процентов процентов процентов процентов процентов процентов процентов процентов процентов процентов процентов процентов процентов процентов процентов процентов процентов процентов процентов процентов процентов процентов процентов процентов процентов процентов процентов процентов процентов процентов процентов процентов процентов процентов процентов процентов процентов процентов процентов процентов процентов процентов процентов процентов процентов процентов процентов процентов процентов процентов процентов процентов процентов процентов процентов процентов процентов процентов процентов процентов процентов процентов процентов процентов процентов процентов процентов процентов процентов процентов процентов процентов процентов процентов процентов процентов процентов процентов процентов процентов процентов процентов процентов процентов процентов процентов процентов процентов процентов процентов процентов процентов процентов процентов процентов процентов процентов процентов процентов процентов процентов процентов процентов процентов процентов процентов процентов процентов процентов процентов процентов процентов процентов процентов процентов процентов процентов процентов процентов процентов процентов процентов процентов процентов процентов процентов процентов процентов процентов процентов процентов процентов процентов процентов процентов процентов процентов процентов процентов процентов процентов процентов процентов процентов процентов процентов процентов процентов процентов процентов процентов процентов процентов процентов процентов процентов процентов процентов процентов процентов процентов процентов", "numeric_answer": null, "relative_error": null, "thinking_text": null, "has_tool_call": false, "tool_call": null, "usage": {"prompt_tokens": 132, "completion_tokens": 256, "total_tokens": 388, "token_count_source": "tokenizer"}, "decoding": {"temperature": 0.2, "top_p": null, "top_k": null, "max_tokens": 256, "seed": 42}, "prompt_tokens": 132, "completion_tokens": 256, "total_tokens": 388, "token_count_source": "tokenizer", "diffusion_steps": null, "flops_estimate": null, "flops_arch": null, "flops_model_params": null, "flops_active_params": null, "tokens_non_final": 246, "tokens_reasoning": 0, "tokens_response": 246, "elapsed_seconds": 19.443052053451538, "judgement": "Uncategorized"}
{"id": "discounts_001223", "topic": "discounts", "subtopic": "bogo", "prompt": "BOGO sale (buy one, get one free; free item is the cheaper one in each pair). Items: $9.89, $5.43, $1.64. About how much do you pay?", "exact_value": 11.53, "model": "tiiuae/Falcon-H1-7B-Instruct", "provider": "transformers", "response": "�альное решение согласно правилацииируя согласно условиям акции насколько возможно насколько возможно насколько возможно насколько возможно насколько возможно насколько возможно насколько возможно насколько возможно насколько возможно насколько возможно насколько возможно насколько возможно насколько возможно насколько возможно насколько возможно насколько возможно насколько возможно насколько возможно насколько возможно насколько возможно насколько возможно насколько возможно насколько возможно насколько возможно насколько возможно насколько возможно насколько возможно насколько возможно насколько возможно насколько возможно насколько возможно насколько возможно насколько возможно насколько возможно насколько возможно насколько возможно насколько возможно насколько возможно насколько возможно насколько возможно насколько возможно насколько возможно насколько возможно насколько возможно насколько возможно насколько возможно насколько возможно насколько возможно насколько возможно насколько возможно насколько возможно насколько возможно насколько возможно насколько возможно насколько возможно насколько возможно насколько возможно насколько возможно насколько возможно насколько возможно насколько возможно насколько возможно насколько возможно насколько возможно насколько возможно насколько возможно насколько возможно насколько возможно насколько возможно насколько возможно насколько возможно насколько возможно насколько возможно насколько возможно насколько возможно насколько возможно насколько возможно насколько возможно насколько возможно насколько возможно насколько возможно насколько возможно насколько возможно насколько возможно насколько возможно насколько возможно насколько возможно насколько возможно насколько возможно насколько возможно насколько возможно насколько возможно насколько возможно насколько возможно насколько возможно насколько возможно насколько возможно насколько возможно насколько возможно насколько возможно насколько возможно насколько возможно насколько возможно насколько возможно насколько возможно насколько возможно насколько возможно насколько возможно насколько возможно насколько возможно насколько возможно насколько возможно насколько возможно насколько возможно насколько возможно насколько возможно насколько возможно насколько возможно насколько возможно насколько возможно насколько возможно насколько возможно насколько", "numeric_answer": null, "relative_error": null, "thinking_text": null, "has_tool_call": false, "tool_call": null, "usage": {"prompt_tokens": 129, "completion_tokens": 256, "total_tokens": 385, "token_count_source": "tokenizer"}, "decoding": {"temperature": 0.2, "top_p": null, "top_k": null, "max_tokens": 256, "seed": 42}, "prompt_tokens": 129, "completion_tokens": 256, "total_tokens": 385, "token_count_source": "tokenizer", "diffusion_steps": null, "flops_estimate": null, "flops_arch": null, "flops_model_params": null, "flops_active_params": null, "tokens_non_final": 252, "tokens_reasoning": 0, "tokens_response": 252, "elapsed_seconds": 19.071948289871216, "judgement": "Uncategorized"}
{"id": "discounts_001243", "topic": "discounts", "subtopic": "bogo", "prompt": "BOGO sale (buy one, get one free; free item is the cheaper one in each pair). Items: $13.65, $11.87. About how much do you pay?", "exact_value": 13.65, "model": "tiiuae/Falcon-H1-7B-Instruct", "provider": "transformers", "response": "�альное ответ согласно правилальнымируя согласно условию процентов процентов процентов процентов процентов процентов процентов процентов процентов процентов процентов процентов процентов процентов процентов процентов процентов процентов процентов процентов процентов процентов процентов процентов процентов процентов процентов процентов процентов процентов процентов процентов процентов процентов процентов процентов процентов процентов процентов процентов процентов процентов процентов процентов процентов процентов процентов процентов процентов процентов процентов процентов процентов процентов процентов процентов процентов процентов процентов процентов процентов процентов процентов процентов процентов процентов процентов процентов процентов процентов процентов процентов процентов процентов процентов процентов процентов процентов процентов процентов процентов процентов процентов процентов процентов процентов процентов процентов процентов процентов процентов процентов процентов процентов процентов процентов процентов процентов процентов процентов процентов процентов процентов процентов процентов процентов процентов процентов процентов процентов процентов процентов процентов процентов процентов процентов процентов процентов процентов процентов процентов процентов процентов процентов процентов процентов процентов процентов процентов процентов процентов процентов процентов процентов процентов процентов процентов процентов процентов процентов процентов процентов процентов процентов процентов процентов процентов процентов процентов процентов процентов процентов процентов процентов процентов процентов процентов процентов процентов процентов процентов процентов процентов процентов процентов процентов процентов процентов процентов процентов процентов процентов процентов процентов процентов процентов процентов процентов процентов процентов процентов процентов процентов процентов процентов процентов процентов процентов процентов процентов процентов процентов процентов процентов процентов процентов процентов процентов процентов процентов процентов процентов процентов процентов процентов процентов процентов процентов процентов процентов процентов процентов процентов процентов процентов процентов процентов процентов процентов процентов процентов процентов процентов процентов процентов процентов процентов процентов процентов процентов процентов процентов процентов процентов процентов процентов процентов процентов процентов процентов процентов процентов процентов процентов процентов процентов", "numeric_answer": null, "relative_error": null, "thinking_text": null, "has_tool_call": false, "tool_call": null, "usage": {"prompt_tokens": 124, "completion_tokens": 256, "total_tokens": 380, "token_count_source": "tokenizer"}, "decoding": {"temperature": 0.2, "top_p": null, "top_k": null, "max_tokens": 256, "seed": 42}, "prompt_tokens": 124, "completion_tokens": 256, "total_tokens": 380, "token_count_source": "tokenizer", "diffusion_steps": null, "flops_estimate": null, "flops_arch": null, "flops_model_params": null, "flops_active_params": null, "tokens_non_final": 252, "tokens_reasoning": 0, "tokens_response": 252, "elapsed_seconds": 19.390032052993774, "judgement": "Uncategorized"}
{"id": "discounts_001263", "topic": "discounts", "subtopic": "stacked", "prompt": "Stacked deal: 20% off, then $10 coupon if you spend $30 or more. Cart: $7.97, $14.01, $20.15, $6.20. About how much do you pay?", "exact_value": 28.66, "model": "tiiuae/Falcon-H1-7B-Instruct", "provider": "transformers", "response": "альными расчетами согласно условия kompensacja процентов и купона согласно условия kompensacja процентов и купона согласно условия kompensacja процентов и kompensacja процентов согласно условия kompensacja процентов согласно условия kompensacja процентов согласно условия kompensacja процентов согласно условия kompensacja процентов согласно условия kompensacja процентов согласно условия kompensacja процентов согласно условия kompensacja процентов согласно условия kompensacja процентов согласно условия kompensacja процентов согласно условия kompensacja процентов согласно условия kompensacja процентов согласно условия kompensacja процентов согласно условия kompensacja процентов согласно условия kompensация процентов согласно условия kompensacja процентов согласно kompensация процентов согласно kompensация процентов согласно kompensация процентов согласно kompensация процентов согласно kompensация процентов согласно kompensация процентов согласно kompensация процентов согласно kompensация процентов согласно kompensация процентов согласно kompensация процентов согласно kompensация процентов согласно kompensация процентов согласно kompensация процентов согласно kompensация процентов согласно kompensация процентов согласно kompensация процентов согласно kompensация процентов согласно kompensация процентов согласно kompensация процентов согласно kompensация процентов согласно kompensация процентов согласно kompensация процентов согласно kompensация процентов согласно kompensация процентов согласно kompensация процентов согласно kompensация процентов согласно kompensация процентов согласно kompensация процентов согласно kompensация процентов согласно kompensация процентов согласно kompensация процентов согласно kompensация процентов согласно kompensация процентов согласно kompensация процентов согласно kompensация процентов согласно kompensация процентов согласно kompensация процентов согласно kompensация процентов согласно", "numeric_answer": null, "relative_error": null, "thinking_text": null, "has_tool_call": false, "tool_call": null, "usage": {"prompt_tokens": 142, "completion_tokens": 256, "total_tokens": 398, "token_count_source": "tokenizer"}, "decoding": {"temperature": 0.2, "top_p": null, "top_k": null, "max_tokens": 256, "seed": 42}, "prompt_tokens": 142, "completion_tokens": 256, "total_tokens": 398, "token_count_source": "tokenizer", "diffusion_steps": null, "flops_estimate": null, "flops_arch": null, "flops_model_params": null, "flops_active_params": null, "tokens_non_final": 196, "tokens_reasoning": 0, "tokens_response": 196, "elapsed_seconds": 18.509124279022217, "judgement": "Uncategorized"}
{"id": "discounts_001283", "topic": "discounts", "subtopic": "bogo", "prompt": "BOGO sale (buy one, get one free; free item is the cheaper one in each pair). Items: $23.99, $18.08, $15.49, $11.69, $2.98, $1.77. About how much do you pay?", "exact_value": 42.46, "model": "tiiuae/Falcon-H1-7B-Instruct", "provider": "transformers", "response": "�альное значение", "numeric_answer": null, "relative_error": null, "thinking_text": null, "has_tool_call": false, "tool_call": null, "usage": {"prompt_tokens": 154, "completion_tokens": 4, "total_tokens": 158, "token_count_source": "tokenizer"}, "decoding": {"temperature": 0.2, "top_p": null, "top_k": null, "max_tokens": 256, "seed": 42}, "prompt_tokens": 154, "completion_tokens": 4, "total_tokens": 158, "token_count_source": "tokenizer", "diffusion_steps": null, "flops_estimate": null, "flops_arch": null, "flops_model_params": null, "flops_active_params": null, "tokens_non_final": 2, "tokens_reasoning": 0, "tokens_response": 2, "elapsed_seconds": 0.9140541553497314, "judgement": "Uncategorized"}
{"id": "discounts_001303", "topic": "discounts", "subtopic": "buy_n_get_m", "prompt": "Buy 3 get 1 free on items priced $5.20 each. You take 7 total. About how much do you pay?", "exact_value": 31.2, "model": "tiiuae/Falcon-H1-7B-Instruct", "provider": "transformers", "response": "альными расчетами согласно условия kompensieren процентовируем процентовируем процентовируем процентовируем процентовируем процентовируем процентовируем процентовируем процентовируем процентовируем процентовируем процентовируем процентовируем процентовируем процентовируем процентовируем процентовируем процентовируем процентовируем процентовируем процентовируем процентовируем процентовируем процентовируем процентовируем процентовируем процентовируем процентовируем процентовируем процентовируем процентовируем процентовируем процентовируем процентовируем процентовируем процентовируем процентовируем процентовируем процентовируем процентовируем процентовируем процентовируем процентовируем процентовируем процентовируем процентовируем процентовируем процентовируем процентовируем процентовируем процентовируем процентовируем процентовируем процентовируем процентовируем процентовируем процентовируем процентовируем процентовируем процентовируем процентовируем процентовируем процентовируем процентовируем процентовируем процентовируем процентовируем процентовируем процентовируем процентовируем процентовируем процентовируем процентовируем процентовируем процентовируем процентовируем процентовируем процентовируем процентовируем процентовируем процентовируем процентовируем процентовируем процентовируем процентовируем процентовируем процентовируем процентовируем процентовируем процентовируем процентовируем процентовируем процентовируем процентовируем процентовируем процентовируем процентовируем процентовируем процентовируем процентовируем процентовируем процентовируем процентовируем процентовируем процентовируем процентовируем процентовируем процентовируем процентовируем процентовируем процентовируем процентовируем процентовируем процентовируем процентовируем процентовируем процентовируем процентовируем процентовируем процентовируем процентовируем процентовируем процентовируем процентовируем процентов", "numeric_answer": null, "relative_error": null, "thinking_text": null, "has_tool_call": false, "tool_call": null, "usage": {"prompt_tokens": 108, "completion_tokens": 256, "total_tokens": 364, "token_count_source": "tokenizer"}, "decoding": {"temperature": 0.2, "top_p": null, "top_k": null, "max_tokens": 256, "seed": 42}, "prompt_tokens": 108, "completion_tokens": 256, "total_tokens": 364, "token_count_source": "tokenizer", "diffusion_steps": null, "flops_estimate": null, "flops_arch": null, "flops_model_params": null, "flops_active_params": null, "tokens_non_final": 130, "tokens_reasoning": 0, "tokens_response": 130, "elapsed_seconds": 19.000064611434937, "judgement": "Uncategorized"}
{"id": "discounts_001323", "topic": "discounts", "subtopic": "buy_n_get_m", "prompt": "Buy 5 get 2 free on items priced $6.90 each. You take 7 total. About how much do you pay?", "exact_value": 34.5, "model": "tiiuae/Falcon-H1-7B-Instruct", "provider": "transformers", "response": "ацииацияируется путем расчета стоимости пяти приобретенных kompensирует получение двух kompensирует насколько процентов процентов kompensирует kompensирует kompensирует kompensирует kompensирует kompensирует kompensирует kompensирует kompensирует kompensирует kompensирует kompensирует kompensирует kompensирует kompensирует kompensирует kompensирует kompensирует kompensирует kompensирует kompensирует kompensирует kompensирует kompensирует kompensирует kompensирует kompensирует kompensирует kompensирует kompensирует kompensирует kompensирует kompensирует kompensирует kompensирует kompensирует kompensирует kompensирует kompensирует kompensирует kompensирует kompensирует kompensирует kompensирует kompensирует kompensирует kompensирует kompensирует kompensирует kompensирует kompensирует kompensирует kompensирует kompensирует kompensирует kompensирует kompensирует kompensирует kompensирует kompensирует kompensирует kompensирует kompensирует kompensирует kompensирует kompensирует kompensирует kompensирует kompensирует kompensирует kompensирует kompensирует kompensирует kompensирует kompensирует kompensирует kompensирует kompensирует kompensирует kompensирует kompensирует kompensирует kompensирует kompensирует kompensирует kompensирует kompensирует kompensирует kompensирует kompensирует kompensирует kompensирует kompensирует kompensирует kompensирует kompensирует kompensирует kompensирует kompensирует kompensирует kompensирует kompensирует kompensирует kompensирует kompensирует kompensирует kompensирует kompensирует kompensирует kompensирует kompensирует kompensирует kompensирует kompensирует kompensирует kompensирует kompensирует kompensирует kompens", "numeric_answer": null, "relative_error": null, "thinking_text": null, "has_tool_call": false, "tool_call": null, "usage": {"prompt_tokens": 108, "completion_tokens": 256, "total_tokens": 364, "token_count_source": "tokenizer"}, "decoding": {"temperature": 0.2, "top_p": null, "top_k": null, "max_tokens": 256, "seed": 42}, "prompt_tokens": 108, "completion_tokens": 256, "total_tokens": 364, "token_count_source": "tokenizer", "diffusion_steps": null, "flops_estimate": null, "flops_arch": null, "flops_model_params": null, "flops_active_params": null, "tokens_non_final": 132, "tokens_reasoning": 0, "tokens_response": 132, "elapsed_seconds": 18.51973009109497, "judgement": "Uncategorized"}
{"id": "discounts_001343", "topic": "discounts", "subtopic": "threshold", "prompt": "Threshold coupon applies: $5 off $30+ spend. Cart: $14.20, $6.64, $17.41, $15.16, $33.39. About how much do you pay?", "exact_value": 81.8, "model": "tiiuae/Falcon-H1-7B-Instruct", "provider": "transformers", "response": "альными условиями согласно описанию задачи согласно которому скидочный купон применяется насколько это возможно насколько могу судировать насколько могу судировать насколько могу судировать насколько могу судировать насколько могу судировать насколько могу kompensieren насколько могу kompensieren насколько могу kompensieren насколько могу kompensieren насколько могу kompensieren насколько могу kompensieren насколько могу kompensieren насколько могу kompensieren насколько могу kompensieren насколько могу kompensieren насколько могу kompensieren насколько могу kompensieren насколько могу kompensieren насколько могу kompensieren насколько могу kompensieren насколько могу kompensieren насколько могу kompensieren насколько могу kompensieren насколько могу kompensieren насколько могу kompensieren насколько могу kompensieren насколько могу kompensieren насколько могу kompensieren насколько могу kompensieren насколько могу kompensieren насколько могу kompensieren насколько могу kompensieren насколько могу kompensieren насколько могу kompensieren насколько могу kompensieren насколько могу kompensieren насколько могу kompensieren насколько могу kompensieren насколько могу kompensieren насколько могу kompensieren насколько могу kompensieren насколько могу kompensieren насколько могу kompensieren насколько могу kompensieren насколько могу kompensieren насколько могу kompensieren насколько могу kompensieren насколько могу kompensieren насколько могу kompensieren насколько могу kompensieren насколько могу kompensieren насколько могу kompensieren насколько могу kompensieren насколько могу kompensieren насколько могу kompensieren насколько могу kompensieren насколько могу kompensieren насколько могу kompensieren насколько могу kompensieren насколько", "numeric_answer": null, "relative_error": null, "thinking_text": null, "has_tool_call": false, "tool_call": null, "usage": {"prompt_tokens": 140, "completion_tokens": 256, "total_tokens": 396, "token_count_source": "tokenizer"}, "decoding": {"temperature": 0.2, "top_p": null, "top_k": null, "max_tokens": 256, "seed": 42}, "prompt_tokens": 140, "completion_tokens": 256, "total_tokens": 396, "token_count_source": "tokenizer", "diffusion_steps": null, "flops_estimate": null, "flops_arch": null, "flops_model_params": null, "flops_active_params": null, "tokens_non_final": 191, "tokens_reasoning": 0, "tokens_response": 191, "elapsed_seconds": 18.79563879966736, "judgement": "Uncategorized"}
{"id": "discounts_001363", "topic": "discounts", "subtopic": "percent", "prompt": "Cart: $17.94, $48.32, $33.85. A 25% discount applies to everything. About how much do you pay?", "exact_value": 75.08, "model": "tiiuae/Falcon-H1-7B-Instruct", "provider": "transformers", "response": "�альное значение", "numeric_answer": null, "relative_error": null, "thinking_text": null, "has_tool_call": false, "tool_call": null, "usage": {"prompt_tokens": 120, "completion_tokens": 4, "total_tokens": 124, "token_count_source": "tokenizer"}, "decoding": {"temperature": 0.2, "top_p": null, "top_k": null, "max_tokens": 256, "seed": 42}, "prompt_tokens": 120, "completion_tokens": 4, "total_tokens": 124, "token_count_source": "tokenizer", "diffusion_steps": null, "flops_estimate": null, "flops_arch": null, "flops_model_params": null, "flops_active_params": null, "tokens_non_final": 2, "tokens_reasoning": 0, "tokens_response": 2, "elapsed_seconds": 0.339632511138916, "judgement": "Uncategorized"}
{"id": "discounts_001383", "topic": "discounts", "subtopic": "buy_n_get_m", "prompt": "Buy 5 get 2 free on items priced $2.51 each. You take 8 total. About how much do you pay?", "exact_value": 15.06, "model": "tiiuae/Falcon-H1-7B-Instruct", "provider": "transformers", "response": "альными расчетами согласно условия kompensieren kompensieren kompensieren kompensieren kompensieren kompensieren kompensieren kompensieren kompensieren kompensieren kompensieren kompensieren kompensieren kompensieren kompensieren kompensieren kompensieren kompensieren kompensieren kompensieren kompensieren kompensieren kompensieren kompensieren kompensieren kompensieren kompensieren kompensieren kompensieren kompensieren kompensieren kompensieren kompensieren kompensieren kompensieren kompensieren kompensieren kompensieren kompensieren kompensieren kompensieren kompensieren kompensieren kompensieren kompensieren kompensieren kompensieren kompensieren kompensieren kompensieren kompensieren kompensieren kompensieren kompensieren kompensieren kompensieren kompensieren kompensieren kompensieren kompensieren kompensieren kompensieren kompensieren kompensieren kompensieren kompensieren kompensieren kompensieren kompensieren kompensieren kompensieren kompensieren kompensieren kompensieren kompensieren kompensieren kompensieren kompensieren kompensieren kompensieren kompensieren kompensieren kompensieren kompensieren kompensieren kompensieren kompensieren kompensieren kompensieren kompensieren kompensieren kompensieren kompensieren kompensieren kompensieren kompensieren kompensieren kompensieren kompensieren kompensieren kompensieren kompensieren kompensieren kompensieren kompensieren kompensieren kompensieren kompensieren kompensieren kompensieren kompensieren kompensieren kompensieren kompensieren kompensieren kompensieren kompensieren kompensieren kompensieren kompensieren kompensieren kompensieren kompensieren kompensieren kompensieren kompens", "numeric_answer": null, "relative_error": null, "thinking_text": null, "has_tool_call": false, "tool_call": null, "usage": {"prompt_tokens": 108, "completion_tokens": 256, "total_tokens": 364, "token_count_source": "tokenizer"}, "decoding": {"temperature": 0.2, "top_p": null, "top_k": null, "max_tokens": 256, "seed": 42}, "prompt_tokens": 108, "completion_tokens": 256, "total_tokens": 364, "token_count_source": "tokenizer", "diffusion_steps": null, "flops_estimate": null, "flops_arch": null, "flops_model_params": null, "flops_active_params": null, "tokens_non_final": 130, "tokens_reasoning": 0, "tokens_response": 130, "elapsed_seconds": 19.145644903182983, "judgement": "Uncategorized"}
{"id": "discounts_001403", "topic": "discounts", "subtopic": "percent", "prompt": "Cart: $49.45, $5.75. A 15% discount applies to everything. About how much do you pay?", "exact_value": 46.92, "model": "tiiuae/Falcon-H1-7B-Instruct", "provider": "transformers", "response": "�альное значение", "numeric_answer": null, "relative_error": null, "thinking_text": null, "has_tool_call": false, "tool_call": null, "usage": {"prompt_tokens": 111, "completion_tokens": 4, "total_tokens": 115, "token_count_source": "tokenizer"}, "decoding": {"temperature": 0.2, "top_p": null, "top_k": null, "max_tokens": 256, "seed": 42}, "prompt_tokens": 111, "completion_tokens": 4, "total_tokens": 115, "token_count_source": "tokenizer", "diffusion_steps": null, "flops_estimate": null, "flops_arch": null, "flops_model_params": null, "flops_active_params": null, "tokens_non_final": 2, "tokens_reasoning": 0, "tokens_response": 2, "elapsed_seconds": 0.33870530128479004, "judgement": "Uncategorized"}
{"id": "discounts_001423", "topic": "discounts", "subtopic": "stacked", "prompt": "Stacked deal: 15% off, then $5 coupon if you spend $30 or more. Cart: $19.07, $30.50, $14.10, $29.57, $24.48, $18.89. About how much do you pay?", "exact_value": 111.12, "model": "tiiuae/Falcon-H1-7B-Instruct", "provider": "transformers", "response": "�альное значение", "numeric_answer": null, "relative_error": null, "thinking_text": null, "has_tool_call": false, "tool_call": null, "usage": {"prompt_tokens": 159, "completion_tokens": 4, "total_tokens": 163, "token_count_source": "tokenizer"}, "decoding": {"temperature": 0.2, "top_p": null, "top_k": null, "max_tokens": 256, "seed": 42}, "prompt_tokens": 159, "completion_tokens": 4, "total_tokens": 163, "token_count_source": "tokenizer", "diffusion_steps": null, "flops_estimate": null, "flops_arch": null, "flops_model_params": null, "flops_active_params": null, "tokens_non_final": 2, "tokens_reasoning": 0, "tokens_response": 2, "elapsed_seconds": 0.3428077697753906, "judgement": "Uncategorized"}
{"id": "discounts_001443", "topic": "discounts", "subtopic": "threshold", "prompt": "Threshold coupon applies: $5 off $40+ spend. Cart: $30.27, $5.01, $32.89, $4.11. About how much do you pay?", "exact_value": 67.28, "model": "tiiuae/Falcon-H1-7B-Instruct", "provider": "transformers", "response": "ации согласно условия kompensируют скидку путем применения промокода насколько возможно насколько возможно насколько возможно насколько возможно насколько возможно насколько возможно насколько возможно насколько возможно насколько возможно насколько возможно насколько возможно насколько возможно насколько возможно насколько возможно насколько возможно насколько возможно насколько возможно насколько возможно насколько возможно насколько возможно насколько возможно насколько возможно насколько возможно насколько возможно насколько возможно насколько возможно насколько возможно насколько возможно насколько возможно насколько возможно насколько возможно насколько возможно насколько возможно насколько возможно насколько возможно насколько возможно насколько возможно насколько возможно насколько возможно насколько возможно насколько возможно насколько возможно насколько возможно насколько возможно насколько возможно насколько возможно насколько возможно насколько возможно насколько возможно насколько возможно насколько возможно насколько возможно насколько возможно насколько возможно насколько возможно насколько возможно насколько возможно насколько возможно насколько возможно насколько возможно насколько возможно насколько возможно насколько возможно насколько возможно насколько возможно насколько возможно насколько возможно насколько возможно насколько возможно насколько возможно насколько возможно насколько возможно насколько возможно насколько возможно насколько возможно насколько возможно насколько возможно насколько возможно насколько возможно насколько возможно насколько возможно насколько возможно насколько возможно насколько возможно насколько возможно насколько возможно насколько возможно насколько возможно насколько возможно насколько возможно насколько возможно насколько возможно насколько возможно насколько возможно насколько возможно насколько возможно насколько возможно насколько возможно насколько возможно насколько возможно насколько возможно насколько возможно насколько возможно насколько возможно насколько возможно насколько возможно насколько возможно насколько возможно насколько возможно насколько возможно насколько возможно насколько возможно насколько возможно насколько возможно насколько возможно насколько возможно насколько возможно насколько возможно насколько возможно насколько возможно насколько возможно насколько", "numeric_answer": null, "relative_error": null, "thinking_text": null, "has_tool_call": false, "tool_call": null, "usage": {"prompt_tokens": 131, "completion_tokens": 256, "total_tokens": 387, "token_count_source": "tokenizer"}, "decoding": {"temperature": 0.2, "top_p": null, "top_k": null, "max_tokens": 256, "seed": 42}, "prompt_tokens": 131, "completion_tokens": 256, "total_tokens": 387, "token_count_source": "tokenizer", "diffusion_steps": null, "flops_estimate": null, "flops_arch": null, "flops_model_params": null, "flops_active_params": null, "tokens_non_final": 251, "tokens_reasoning": 0, "tokens_response": 251, "elapsed_seconds": 18.383049249649048, "judgement": "Uncategorized"}
{"id": "discounts_001463", "topic": "discounts", "subtopic": "stacked", "prompt": "Stacked deal: 20% off, then $10 coupon if you spend $50 or more. Cart: $17.21, $5.84, $30.05. About how much do you pay?", "exact_value": 42.48, "model": "tiiuae/Falcon-H1-7B-Instruct", "provider": "transformers", "response": "�альное значение", "numeric_answer": null, "relative_error": null, "thinking_text": null, "has_tool_call": false, "tool_call": null, "usage": {"prompt_tokens": 135, "completion_tokens": 4, "total_tokens": 139, "token_count_source": "tokenizer"}, "decoding": {"temperature": 0.2, "top_p": null, "top_k": null, "max_tokens": 256, "seed": 42}, "prompt_tokens": 135, "completion_tokens": 4, "total_tokens": 139, "token_count_source": "tokenizer", "diffusion_steps": null, "flops_estimate": null, "flops_arch": null, "flops_model_params": null, "flops_active_params": null, "tokens_non_final": 2, "tokens_reasoning": 0, "tokens_response": 2, "elapsed_seconds": 0.3437459468841553, "judgement": "Uncategorized"}
{"id": "discounts_001483", "topic": "discounts", "subtopic": "stacked", "prompt": "Stacked deal: 20% off, then $5 coupon if you spend $40 or more. Cart: $7.98, $13.08, $39.62, $23.53, $7.04, $16.41. About how much do you pay?", "exact_value": 81.13, "model": "tiiuae/Falcon-H1-7B-Instruct", "provider": "transformers", "response": "�альное значение", "numeric_answer": null, "relative_error": null, "thinking_text": null, "has_tool_call": false, "tool_call": null, "usage": {"prompt_tokens": 157, "completion_tokens": 4, "total_tokens": 161, "token_count_source": "tokenizer"}, "decoding": {"temperature": 0.2, "top_p": null, "top_k": null, "max_tokens": 256, "seed": 42}, "prompt_tokens": 157, "completion_tokens": 4, "total_tokens": 161, "token_count_source": "tokenizer", "diffusion_steps": null, "flops_estimate": null, "flops_arch": null, "flops_model_params": null, "flops_active_params": null, "tokens_non_final": 2, "tokens_reasoning": 0, "tokens_response": 2, "elapsed_seconds": 0.3183133602142334, "judgement": "Uncategorized"}
{"id": "discounts_001503", "topic": "discounts", "subtopic": "stacked", "prompt": "Stacked deal: 15% off, then $10 coupon if you spend $30 or more. Cart: $5.05, $35.87, $13.37, $20.23, $19.52, $14.94. About how much do you pay?", "exact_value": 82.63, "model": "tiiuae/Falcon-H1-7B-Instruct", "provider": "transformers", "response": "�альное решение согласно условия kompensирует накопительные скидированные суммы согласно правилации процентовации процентовации процентовации процентовации процентовации процентовации процентовации процентовации процентовации процентовации процентовации процентовации процентовации процентовации процентовации процентовации процентовации процентовации процентовации процентовации процентовации процентовации процентовации процентовации процентовации процентовации процентовации процентовации процентовации процентовации процентовации процентовации процентовации процентовации процентовации процентовации процентовации процентовации процентовации процентовации процентовации процентовации процентовации процентовации процентовации процентовации процентовации процентовации процентовации процентовации процентовации процентовации процентовации процентовации процентовации процентовации процентовации процентовации процентовации процентовации процентовации процентовации процентовации процентовации процентовации процентовации процентовации процентовации процентовации процентовации процентовации процентовации процентовации процентовации процентовации процентовации процентовации процентовации процентовации процентовации процентовации процентовации процентовации процентовации процентовации процентовации процентовации процентовации процентовации процентовации процентовации процентовации процентовации процентовации процентовации процентовации процентовации процентовации процентовации процентовации процентовации процентовации процентовации процентовации процентовации процентовации процентовации процентовации процентовации процентовации процентовации процентовации процентовации процентовации процентовации процентовации процентовации процентовации процентовации процентов", "numeric_answer": null, "relative_error": null, "thinking_text": null, "has_tool_call": false, "tool_call": null, "usage": {"prompt_tokens": 159, "completion_tokens": 256, "total_tokens": 415, "token_count_source": "tokenizer"}, "decoding": {"temperature": 0.2, "top_p": null, "top_k": null, "max_tokens": 256, "seed": 42}, "prompt_tokens": 159, "completion_tokens": 256, "total_tokens": 415, "token_count_source": "tokenizer", "diffusion_steps": null, "flops_estimate": null, "flops_arch": null, "flops_model_params": null, "flops_active_params": null, "tokens_non_final": 130, "tokens_reasoning": 0, "tokens_response": 130, "elapsed_seconds": 19.02087712287903, "judgement": "Uncategorized"}
{"id": "discounts_001523", "topic": "discounts", "subtopic": "percent", "prompt": "Cart: $17.62, $17.49. A 25% discount applies to everything. About how much do you pay?", "exact_value": 26.33, "model": "tiiuae/Falcon-H1-7B-Instruct", "provider": "transformers", "response": "�альное решение согласно условия kompensирует насколько процентов насколько процентов насколько процентов насколько процентов насколько процентов насколько процентов насколько процентов насколько процентов насколько процентов насколько процентов насколько процентов насколько процентов насколько процентов насколько процентов насколько процентов насколько процентов насколько процентов насколько процентов насколько процентов насколько процентов насколько процентов насколько процентов насколько процентов насколько процентов насколько процентов насколько процентов насколько процентов насколько процентов насколько процентов насколько процентов насколько процентов насколько процентов насколько процентов насколько процентов насколько процентов насколько процентов насколько процентов насколько процентов насколько процентов насколько процентов насколько процентов насколько процентов насколько процентов насколько процентов насколько процентов насколько процентов насколько процентов насколько процентов насколько процентов насколько процентов насколько процентов насколько процентов насколько процентов насколько процентов насколько процентов насколько процентов насколько процентов насколько процентов насколько процентов насколько процентов насколько процентов насколько процентов насколько процентов насколько процентов насколько процентов насколько процентов насколько процентов насколько процентов насколько процентов насколько процентов насколько процентов насколько процентов насколько процентов насколько процентов насколько процентов насколько процентов насколько процентов насколько процентов насколько процентов насколько процентов насколько процентов насколько процентов насколько процентов насколько процентов насколько процентов насколько процентов насколько процентов насколько процентов насколько процентов насколько процентов насколько процентов насколько процентов насколько процентов насколько процентов насколько процентов насколько процентов насколько процентов насколько процентов насколько процентов насколько процентов насколько процентов насколько процентов насколько процентов насколько процентов насколько процентов насколько процентов насколько процентов насколько процентов насколько процентов насколько процентов насколько процентов насколько процентов насколько процентов насколько процентов насколько процентов насколько процентов насколько процентов насколько процентов насколько процентов насколько процентов насколько процентов насколько процентов насколько процентов насколько процентов насколько", "numeric_answer": null, "relative_error": null, "thinking_text": null, "has_tool_call": false, "tool_call": null, "usage": {"prompt_tokens": 112, "completion_tokens": 256, "total_tokens": 368, "token_count_source": "tokenizer"}, "decoding": {"temperature": 0.2, "top_p": null, "top_k": null, "max_tokens": 256, "seed": 42}, "prompt_tokens": 112, "completion_tokens": 256, "total_tokens": 368, "token_count_source": "tokenizer", "diffusion_steps": null, "flops_estimate": null, "flops_arch": null, "flops_model_params": null, "flops_active_params": null, "tokens_non_final": 254, "tokens_reasoning": 0, "tokens_response": 254, "elapsed_seconds": 19.6640522480011, "judgement": "Uncategorized"}
{"id": "discounts_001543", "topic": "discounts", "subtopic": "percent", "prompt": "Cart: $41.40, $12.55, $25.87, $24.13. A 10% discount applies to everything. About how much do you pay?", "exact_value": 93.56, "model": "tiiuae/Falcon-H1-7B-Instruct", "provider": "transformers", "response": "�альное значение", "numeric_answer": null, "relative_error": null, "thinking_text": null, "has_tool_call": false, "tool_call": null, "usage": {"prompt_tokens": 128, "completion_tokens": 4, "total_tokens": 132, "token_count_source": "tokenizer"}, "decoding": {"temperature": 0.2, "top_p": null, "top_k": null, "max_tokens": 256, "seed": 42}, "prompt_tokens": 128, "completion_tokens": 4, "total_tokens": 132, "token_count_source": "tokenizer", "diffusion_steps": null, "flops_estimate": null, "flops_arch": null, "flops_model_params": null, "flops_active_params": null, "tokens_non_final": 2, "tokens_reasoning": 0, "tokens_response": 2, "elapsed_seconds": 0.3464174270629883, "judgement": "Uncategorized"}
{"id": "discounts_001563", "topic": "discounts", "subtopic": "buy_n_get_m", "prompt": "Buy 5 get 2 free on items priced $6.56 each. You take 13 total. About how much do you pay?", "exact_value": 65.6, "model": "tiiuae/Falcon-H1-7B-Instruct", "provider": "transformers", "response": "альными расчетами согласно условия kompensierte kompensierte kompensierte kompensierte kompensierte kompensierte kompensierte kompensierte kompensierte kompensierte kompensierte kompensierte kompensierte kompensierte kompensierte kompensierte kompensierte kompensierte kompensierte kompensierte kompensierte kompensierte kompensierte kompensierte kompensierte kompensierte kompensierte kompensierte kompensierte kompensierte kompensierte kompensierte kompensierte kompensierte kompensierte kompensierte kompensierte kompensierte kompensierte kompensierte kompensierte kompensierte kompensierte kompensierte kompensierte kompensierte kompensierte kompensierte kompensierte kompensierte kompensierte kompensierte kompensierte kompensierte kompensierte kompensierte kompensierte kompensierte kompensierte kompensierte kompensierte kompensierte kompensierte kompensierte kompensierte kompensierte kompensierte kompensierte kompensierte kompensierte kompensierte kompensierte kompensierte kompensierte kompensierte kompensierte kompensierte kompensierte kompensierte kompensierte kompensierte kompensierte kompensierte kompensierte kompensierte kompensierte kompensierte kompensierte kompensierte kompensierte kompensierte kompensierte kompensierte kompensierte kompensierte kompensierte kompensierte kompensierte kompensierte kompensierte kompensierte kompensierte kompensierte kompensierte kompensierte kompensierte kompensierte kompensierte kompensierte kompensierte kompensierte kompensierte kompensierte kompensierte kompensierte kompensierte kompensierte kompensierte kompensierte kompensierte kompensierte kompensierte kompensierte kompensierte kompensierte kompens", "numeric_answer": null, "relative_error": null, "thinking_text": null, "has_tool_call": false, "tool_call": null, "usage": {"prompt_tokens": 109, "completion_tokens": 256, "total_tokens": 365, "token_count_source": "tokenizer"}, "decoding": {"temperature": 0.2, "top_p": null, "top_k": null, "max_tokens": 256, "seed": 42}, "prompt_tokens": 109, "completion_tokens": 256, "total_tokens": 365, "token_count_source": "tokenizer", "diffusion_steps": null, "flops_estimate": null, "flops_arch": null, "flops_model_params": null, "flops_active_params": null, "tokens_non_final": 130, "tokens_reasoning": 0, "tokens_response": 130, "elapsed_seconds": 19.075194358825684, "judgement": "Uncategorized"}
{"id": "discounts_001583", "topic": "discounts", "subtopic": "percent", "prompt": "Cart: $16.59, $10.20. A 25% discount applies to everything. About how much do you pay?", "exact_value": 20.09, "model": "tiiuae/Falcon-H1-7B-Instruct", "provider": "transformers", "response": "�альное значение", "numeric_answer": null, "relative_error": null, "thinking_text": null, "has_tool_call": false, "tool_call": null, "usage": {"prompt_tokens": 112, "completion_tokens": 4, "total_tokens": 116, "token_count_source": "tokenizer"}, "decoding": {"temperature": 0.2, "top_p": null, "top_k": null, "max_tokens": 256, "seed": 42}, "prompt_tokens": 112, "completion_tokens": 4, "total_tokens": 116, "token_count_source": "tokenizer", "diffusion_steps": null, "flops_estimate": null, "flops_arch": null, "flops_model_params": null, "flops_active_params": null, "tokens_non_final": 2, "tokens_reasoning": 0, "tokens_response": 2, "elapsed_seconds": 0.338468074798584, "judgement": "Uncategorized"}
{"id": "discounts_001603", "topic": "discounts", "subtopic": "stacked", "prompt": "Stacked deal: 15% off, then $5 coupon if you spend $40 or more. Cart: $30.66, $8.69, $10.48, $36.69, $30.92. About how much do you pay?", "exact_value": 94.82, "model": "tiiuae/Falcon-H1-7B-Instruct", "provider": "transformers", "response": "�альное значение", "numeric_answer": null, "relative_error": null, "thinking_text": null, "has_tool_call": false, "tool_call": null, "usage": {"prompt_tokens": 150, "completion_tokens": 4, "total_tokens": 154, "token_count_source": "tokenizer"}, "decoding": {"temperature": 0.2, "top_p": null, "top_k": null, "max_tokens": 256, "seed": 42}, "prompt_tokens": 150, "completion_tokens": 4, "total_tokens": 154, "token_count_source": "tokenizer", "diffusion_steps": null, "flops_estimate": null, "flops_arch": null, "flops_model_params": null, "flops_active_params": null, "tokens_non_final": 2, "tokens_reasoning": 0, "tokens_response": 2, "elapsed_seconds": 0.3409574031829834, "judgement": "Uncategorized"}
{"id": "discounts_001623", "topic": "discounts", "subtopic": "threshold", "prompt": "Threshold coupon applies: $15 off $25+ spend. Cart: $27.63, $11.37, $28.67, $23.20, $7.60. About how much do you pay?", "exact_value": 83.47, "model": "tiiuae/Falcon-H1-7B-Instruct", "provider": "transformers", "response": "альными расчетами согласно условия kompensacji процентов согласно промоции процентов согласно промоции процентов согласно промоации процентов согласно промоации процентов согласно промоации процентов согласно промоации процентов согласно промоации процентов согласно промоации процентов согласно промоации процентов согласно промоации процентов согласно промоации процентов согласно промоации процентов согласно промоации процентов согласно промоации процентов согласно промоации процентов согласно промоации процентов согласно промоации процентов согласно промоации процентов согласно промоации процентов согласно промоации процентов согласно промоации процентов согласно промоации процентов согласно промоации процентов согласно промоации процентов согласно промоации процентов согласно промоации процентов согласно промоации процентов согласно промоации процентов согласно промоации процентов согласно промоации процентов согласно промоации процентов согласно промоации процентов согласно промоации процентов согласно промоации процентов согласно промоации процентов согласно промоации процентов согласно промоации процентов согласно промоации процентов согласно промоации процентов согласно промоации процентов согласно промоации процентов согласно промоации процентов согласно промоации процентов согласно промоации процентов согласно промоации процентов согласно промоации процентов согласно промоации процентов согласно промоации процентов согласно промоации процентов согласно промо", "numeric_answer": null, "relative_error": null, "thinking_text": null, "has_tool_call": false, "tool_call": null, "usage": {"prompt_tokens": 141, "completion_tokens": 256, "total_tokens": 397, "token_count_source": "tokenizer"}, "decoding": {"temperature": 0.2, "top_p": null, "top_k": null, "max_tokens": 256, "seed": 42}, "prompt_tokens": 141, "completion_tokens": 256, "total_tokens": 397, "token_count_source": "tokenizer", "diffusion_steps": null, "flops_estimate": null, "flops_arch": null, "flops_model_params": null, "flops_active_params": null, "tokens_non_final": 155, "tokens_reasoning": 0, "tokens_response": 155, "elapsed_seconds": 19.290313720703125, "judgement": "Uncategorized"}
{"id": "discounts_001643", "topic": "discounts", "subtopic": "percent", "prompt": "Cart: $6.86, $18.76, $18.57. A 25% discount applies to everything. About how much do you pay?", "exact_value": 33.14, "model": "tiiuae/Falcon-H1-7B-Instruct", "provider": "transformers", "response": "�альное значение", "numeric_answer": null, "relative_error": null, "thinking_text": null, "has_tool_call": false, "tool_call": null, "usage": {"prompt_tokens": 119, "completion_tokens": 4, "total_tokens": 123, "token_count_source": "tokenizer"}, "decoding": {"temperature": 0.2, "top_p": null, "top_k": null, "max_tokens": 256, "seed": 42}, "prompt_tokens": 119, "completion_tokens": 4, "total_tokens": 123, "token_count_source": "tokenizer", "diffusion_steps": null, "flops_estimate": null, "flops_arch": null, "flops_model_params": null, "flops_active_params": null, "tokens_non_final": 2, "tokens_reasoning": 0, "tokens_response": 2, "elapsed_seconds": 0.34235453605651855, "judgement": "Uncategorized"}
{"id": "discounts_001663", "topic": "discounts", "subtopic": "percent", "prompt": "Cart: $12.12, $48.45, $47.34, $46.59. A 15% discount applies to everything. About how much do you pay?", "exact_value": 131.33, "model": "tiiuae/Falcon-H1-7B-Instruct", "provider": "transformers", "response": "�альное значение", "numeric_answer": null, "relative_error": null, "thinking_text": null, "has_tool_call": false, "tool_call": null, "usage": {"prompt_tokens": 128, "completion_tokens": 4, "total_tokens": 132, "token_count_source": "tokenizer"}, "decoding": {"temperature": 0.2, "top_p": null, "top_k": null, "max_tokens": 256, "seed": 42}, "prompt_tokens": 128, "completion_tokens": 4, "total_tokens": 132, "token_count_source": "tokenizer", "diffusion_steps": null, "flops_estimate": null, "flops_arch": null, "flops_model_params": null, "flops_active_params": null, "tokens_non_final": 2, "tokens_reasoning": 0, "tokens_response": 2, "elapsed_seconds": 0.32540154457092285, "judgement": "Uncategorized"}
{"id": "discounts_001683", "topic": "discounts", "subtopic": "threshold", "prompt": "Threshold coupon applies: $10 off $50+ spend. Cart: $26.16, $9.78, $26.05, $18.31, $13.69. About how much do you pay?", "exact_value": 83.99, "model": "tiiuae/Falcon-H1-7B-Instruct", "provider": "transformers", "response": "альными условиями согласно описанию задачи процентовые скидочные купоны применяются только при достижении порога расходов EXEMPLARY VALUE EXEMPLARY CONDITIONS EXEMPLARY RESPON RESPONSIBILITY EXEMPLARY RESPON RESPONSIBILITY EXEMPLARY RESPONSIBILITY EXEMPLARY RESPONSIBILITY EXEMPLARY RESPONSIBILITY EXEMPLARY RESPONSIBILITY EXEMPLARY RESPONSIBILITY EXEMPLARY RESPONSIBILITY EXEMPLARY RESPONSIBILITY EXEMPLARY RESPONSIBILITY EXEMPLARY RESPONSIBILITY EXEMPLARY RESPONSIBILITY EXEMPLARY RESPONSIBILITY EXEMPLARY RESPONSIBILITY EXEMPLARY RESPONSIBILITY EXEMPLARY RESPONSIBILITY EXEMPLARY RESPONSIBILITY EXEMPLARY RESPONSIBILITY EXEMPLARY RESPONSIBILITY EXEMPLARY RESPONSIBILITY EXEMPLARY RESPONSIBILITY EXEMPLARY RESPONSIBILITY EXEMPLARY RESPONSIBILITY EXEMPLARY RESPONSIBILITY EXEMPLARY RESPONSIBILITY EXEMPLARY RESPONSIBILITY EXEMPLARY RESPONSIBILITY EXEMPLARY RESPONSIBILITY EXEMPLARY RESPONSIBILITY EXEMPLARY RESPONSIBILITY EXEMPLARY RESPONSIBILITY EXEMPLARY RESPONSIBILITY EXEMPLARY RESPONSIBILITY EXEMPLARY RESPONSIBILITY EXEMPLARY RESPONSIBILITY EXEMPLARY RESPONSIBILITY EXEMPLARY RESPONSIBILITY EXEMPLARY RESPONSIBILITY EXEMPLARY RESPONSIBILITY EXEMPLARY RESPONSIBILITY EXEMPLARY RESPONSIBILITY EXEMPLARY RESPONSIBILITY EXEMPLARY RESPONSIBILITY EXEMPLARY RESPONSIBILITY EXEMPLARY RESPONSIBILITY EXEMPLARY RESPONSIBILITY EXEMPLARY RESPONSIBILITY EXEMPLARY RESPONSIBILITY EXEMPLARY RESPONSIBILITY EXEMPLARY RESPONSIBILITY EXEMPLARY RESPONSIBILITY EXEMPLARY RESPONSIBILITY EXEMPLARY RESPONSIBILITY EXEMPLARY RESPONSIBILITY EXEMPLARY RESPONSIBILITY EXEMPLARY RESPONSIBILITY EXEMPLARY RESPONSIBILITY EXEMPLARY RESPONSIBILITY EXEMPLARY RESPONSIBILITY EXEMPLARY RESPONSIBILITY EXEMPLARY RESPONSIBILITY EXEMPLARY RESPONSIBILITY EXEMPLARY RESPONSIBILITY EXEMPLARY RESPONSIBILITY EXEMPLARY RESPONSIBILITY EXEMPLARY RESPONSIBILITY EXEMPLARY RESPONSIBILITY EXEMPLARY RESPONSIBILITY EXEMPLARY RESPONSIBILITY EXEMPLARY RESPONSIBILITY EXEMPLARY RESPONSIBILITY EXEMPLARY RESPONSIBILITY EXEMPLARY RESPONSIBILITY EXEMPLARY RESPONSIBILITY EXEMPLARY RESPONSIBILITY EXEMPLARY RESPONSIBILITY EXEMPLARY RESPONSIBILITY EXEMPLARY RESPONSIBILITY EXEMPLARY RESPONSIBILITY EXEMPLARY RESPONSIBILITY EXEMPLARY RESPONSIBILITY EXEMPLARY RESPONSIBILITY EXEMPLARY RESPONSIBILITY EXEMPLARY RESPONSIBILITY EXEMPLARY RESPONSIBILITY EXEMPLARY RESPONSIBILITY EXEMPLARY RESPONSIBILITY EXEMPLARY RESPONSIBILITY EXEMPLARY RESPONSIBILITY EXEMPLARY RESPONSIBILITY EXEMPLARY RESPONSIBILITY EXEMPLARY RESPONSIBILITY EXEMPLARY RESPONSIBILITY EXEMPLARY RESPONSIBILITY EXEMPLARY RESPONSIBILITY EXEMPLARY RESPONSIBILITY EXEMPLARY RESPONSIBILITY EXEMPLARY RESPONSIBILITY EXEMPLARY RESPONSIBILITY EXEMPLARY RESPONSIBILITY EXEMPLARY RESPONSIBILITY EXEMPLARY RESPONSIBILITY EXEMPLARY RESPONSIBILITY EXEMPLARY RESPONSIBILITY EXEMPLARY RESPONSIBILITY EXEMPLARY RESPONSIBILITY EXEMPLARY RESPONSIBILITY EXEMPLARY RESPONSIBILITY EXEMPLARY RESPONSIBILITY EXEMPLARY RESPONSIBILITY EXEMPLARY RESPONSIBILITY EXEMPLARY RESPONSIBILITY EXEMPLARY RESPONSIBILITY", "numeric_answer": null, "relative_error": null, "thinking_text": null, "has_tool_call": false, "tool_call": null, "usage": {"prompt_tokens": 141, "completion_tokens": 256, "total_tokens": 397, "token_count_source": "tokenizer"}, "decoding": {"temperature": 0.2, "top_p": null, "top_k": null, "max_tokens": 256, "seed": 42}, "prompt_tokens": 141, "completion_tokens": 256, "total_tokens": 397, "token_count_source": "tokenizer", "diffusion_steps": null, "flops_estimate": null, "flops_arch": null, "flops_model_params": null, "flops_active_params": null, "tokens_non_final": 246, "tokens_reasoning": 0, "tokens_response": 246, "elapsed_seconds": 18.88795304298401, "judgement": "Uncategorized"}
{"id": "discounts_001703", "topic": "discounts", "subtopic": "percent", "prompt": "Cart: $19.62, $31.18, $3.11, $24.12. A 30% discount applies to everything. About how much do you pay?", "exact_value": 54.62, "model": "tiiuae/Falcon-H1-7B-Instruct", "provider": "transformers", "response": "�альное значение", "numeric_answer": null, "relative_error": null, "thinking_text": null, "has_tool_call": false, "tool_call": null, "usage": {"prompt_tokens": 127, "completion_tokens": 4, "total_tokens": 131, "token_count_source": "tokenizer"}, "decoding": {"temperature": 0.2, "top_p": null, "top_k": null, "max_tokens": 256, "seed": 42}, "prompt_tokens": 127, "completion_tokens": 4, "total_tokens": 131, "token_count_source": "tokenizer", "diffusion_steps": null, "flops_estimate": null, "flops_arch": null, "flops_model_params": null, "flops_active_params": null, "tokens_non_final": 2, "tokens_reasoning": 0, "tokens_response": 2, "elapsed_seconds": 0.3450961112976074, "judgement": "Uncategorized"}
{"id": "discounts_001723", "topic": "discounts", "subtopic": "buy_n_get_m", "prompt": "Buy 4 get 2 free on items priced $2.55 each. You take 8 total. About how much do you pay?", "exact_value": 15.3, "model": "tiiuae/Falcon-H1-7B-Instruct", "provider": "transformers", "response": "альными расчетами согласно условия kompensierte mengen kompensieren kompensierte mengen kompensieren kompensierte mengen kompensieren kompensierte mengen kompensieren kompensierte mengen kompensieren kompensierte mengen kompensieren kompensierte mengen kompensieren kompensierte mengen kompensieren kompensierte mengen kompensieren kompensierte mengen kompensieren kompensierte mengen kompensieren kompensierte mengen kompensieren kompensierte mengen kompensieren kompensierte mengen kompensieren kompensierte mengen kompensieren kompensierte mengen kompensieren kompensierte mengen kompensieren kompensierte mengen kompensieren kompensierte mengen kompensieren kompensierte mengen kompensieren kompensierte mengen kompensieren kompensierte mengen kompensieren kompensierte mengen kompensieren kompensierte mengen kompensieren kompensierte mengen kompensieren kompensierte mengen kompensieren kompensierte mengen kompensieren kompensierte mengen kompensieren kompensierte mengen kompensieren kompensierte mengen kompensieren kompensierte mengen kompensieren kompensierte mengen kompensieren kompensierte mengen kompensieren kompensierte mengen kompensieren kompensierte mengen kompensieren kompensierte mengen kompensieren kompensierte mengen kompensieren kompensierte mengen kompensieren kompensierte mengen kompensieren kompensierte mengen kompensieren kompensierte mengen kompensieren kompensierte mengen kompensieren kompensierte mengen kompensieren kompensierte mengen kompensieren kompensierte mengen kompensieren kompensierte mengen kompensieren kompensierte mengen kompensieren kompensierte mengen kompensieren kompensierte mengen kompensieren kompensierte mengen kompensieren kompens", "numeric_answer": null, "relative_error": null, "thinking_text": null, "has_tool_call": false, "tool_call": null, "usage": {"prompt_tokens": 108, "completion_tokens": 256, "total_tokens": 364, "token_count_source": "tokenizer"}, "decoding": {"temperature": 0.2, "top_p": null, "top_k": null, "max_tokens": 256, "seed": 42}, "prompt_tokens": 108, "completion_tokens": 256, "total_tokens": 364, "token_count_source": "tokenizer", "diffusion_steps": null, "flops_estimate": null, "flops_arch": null, "flops_model_params": null, "flops_active_params": null, "tokens_non_final": 155, "tokens_reasoning": 0, "tokens_response": 155, "elapsed_seconds": 19.027567148208618, "judgement": "Uncategorized"}
{"id": "discounts_001743", "topic": "discounts", "subtopic": "threshold", "prompt": "Threshold coupon applies: $5 off $30+ spend. Cart: $4.15, $6.42, $8.97. About how much do you pay?", "exact_value": 19.54, "model": "tiiuae/Falcon-H1-7B-Instruct", "provider": "transformers", "response": "альными условиями согласно описанию задачи процентовые скидочные купоны не применимы непосредственно к сумме корзины меньше установленного порога в размере процентов плюс процентов процентов процентов процентов процентов процентов процентов процентов процентов процентов процентов процентов процентов процентов процентов процентов процентов процентов процентов процентов процентов процентов процентов процентов процентов процентов процентов процентов процентов процентов процентов процентов процентов процентов процентов процентов процентов процентов процентов процентов процентов процентов процентов процентов процентов процентов процентов процентов процентов процентов процентов процентов процентов процентов процентов процентов процентов процентов процентов процентов процентов процентов процентов процентов процентов процентов процентов процентов процентов процентов процентов процентов процентов процентов процентов процентов процентов процентов процентов процентов процентов процентов процентов процентов процентов процентов процентов процентов процентов процентов процентов процентов процентов процентов процентов процентов процентов процентов процентов процентов процентов процентов процентов процентов процентов процентов процентов процентов процентов процентов процентов процентов процентов процентов процентов процентов процентов процентов процентов процентов процентов процентов процентов процентов процентов процентов процентов процентов процентов процентов процентов процентов процентов процентов процентов процентов процентов процентов процентов процентов процентов процентов процентов процентов процентов процентов процентов процентов процентов процентов процентов процентов процентов процентов процентов процентов процентов процентов процентов процентов процентов процентов процентов процентов процентов процентов процентов процентов процентов процентов процентов процентов процентов процентов процентов процентов процентов процентов процентов процентов процентов процентов процентов процентов процентов процентов процентов процентов процентов процентов процентов процентов процентов процентов процентов процентов процентов процентов процентов процентов процентов процентов процентов процентов процентов процентов процентов процентов процентов процентов процентов процентов процентов процентов процентов процентов процентов процентов процентов процентов процентов процентов", "numeric_answer": null, "relative_error": null, "thinking_text": null, "has_tool_call": false, "tool_call": null, "usage": {"prompt_tokens": 122, "completion_tokens": 256, "total_tokens": 378, "token_count_source": "tokenizer"}, "decoding": {"temperature": 0.2, "top_p": null, "top_k": null, "max_tokens": 256, "seed": 42}, "prompt_tokens": 122, "completion_tokens": 256, "total_tokens": 378, "token_count_source": "tokenizer", "diffusion_steps": null, "flops_estimate": null, "flops_arch": null, "flops_model_params": null, "flops_active_params": null, "tokens_non_final": 243, "tokens_reasoning": 0, "tokens_response": 243, "elapsed_seconds": 19.986939191818237, "judgement": "Uncategorized"}
{"id": "discounts_001763", "topic": "discounts", "subtopic": "bogo", "prompt": "BOGO sale (buy one, get one free; free item is the cheaper one in each pair). Items: $12.69, $11.21, $2.47. About how much do you pay?", "exact_value": 15.16, "model": "tiiuae/Falcon-H1-7B-Instruct", "provider": "transformers", "response": "�альное решение согласно условия kompensирует насколько насколько насколько насколько насколько насколько насколько насколько насколько насколько насколько насколько насколько насколько насколько насколько насколько насколько насколько насколько насколько насколько насколько насколько насколько насколько насколько насколько насколько насколько насколько насколько насколько насколько насколько насколько насколько насколько насколько насколько насколько насколько насколько насколько насколько насколько насколько насколько насколько насколько насколько насколько насколько насколько насколько насколько насколько насколько насколько насколько насколько насколько насколько насколько насколько насколько насколько насколько насколько насколько насколько насколько насколько насколько насколько насколько насколько насколько насколько насколько насколько насколько насколько насколько насколько насколько насколько насколько насколько насколько насколько насколько насколько насколько насколько насколько насколько насколько насколько насколько насколько насколько насколько насколько насколько насколько насколько насколько насколько насколько насколько насколько насколько насколько насколько насколько насколько насколько насколько насколько насколько насколько насколько насколько насколько насколько насколько насколько насколько насколько насколько насколько насколько насколько насколько насколько насколько насколько насколько насколько насколько насколько насколько насколько насколько насколько насколько насколько насколько насколько насколько насколько насколько насколько насколько насколько насколько насколько насколько насколько насколько насколько насколько насколько насколько насколько насколько насколько насколько насколько насколько насколько насколько насколько насколько насколько насколько насколько насколько насколько насколько насколько насколько насколько насколько насколько насколько насколько насколько насколько насколько насколько насколько насколько насколько насколько насколько насколько насколько насколько насколько насколько насколько насколько насколько насколько насколько насколько насколько насколько насколько насколько насколько насколько насколько насколько насколько насколько насколько насколько насколько насколько насколько насколько насколько насколько насколько насколько насколько насколько насколько насколько насколько насколько насколько насколько насколько насколько насколько насколько насколько насколько насколько насколько насколько насколько насколько насколько насколько", "numeric_answer": null, "relative_error": null, "thinking_text": null, "has_tool_call": false, "tool_call": null, "usage": {"prompt_tokens": 131, "completion_tokens": 256, "total_tokens": 387, "token_count_source": "tokenizer"}, "decoding": {"temperature": 0.2, "top_p": null, "top_k": null, "max_tokens": 256, "seed": 42}, "prompt_tokens": 131, "completion_tokens": 256, "total_tokens": 387, "token_count_source": "tokenizer", "diffusion_steps": null, "flops_estimate": null, "flops_arch": null, "flops_model_params": null, "flops_active_params": null, "tokens_non_final": 254, "tokens_reasoning": 0, "tokens_response": 254, "elapsed_seconds": 19.381195306777954, "judgement": "Uncategorized"}
{"id": "discounts_001783", "topic": "discounts", "subtopic": "stacked", "prompt": "Stacked deal: 15% off, then $5 coupon if you spend $40 or more. Cart: $7.00, $16.49, $25.56, $15.94, $17.74, $31.47. About how much do you pay?", "exact_value": 92.07, "model": "tiiuae/Falcon-H1-7B-Instruct", "provider": "transformers", "response": "�альное решение согласно заданным правилам согласно заданию насколько точно могу согласно предоставленной информации насколько точно могу согласно предоставленной информации путем последовательного применения процентов и купона насколько точно могу согласно предоставленной информации путем последовательного применения процентов насколько точно могу согласно предоставленной информации путем последовательного применения процентов насколько точно могу согласно предоставленнойации путем последовательного применения процентов насколько точно могу согласно предоставленнойации путем последовательного применения процентов насколько точно могу согласно предоставленнойации путем последовательного применения процентов насколько точно могу согласно предоставленнойации путем последовательного применения процентов насколько точно могу согласно предоставленнойации путем последовательного применения процентов насколько точно могу согласно предоставленнойации путем последовательного применения процентов насколько точно могу согласно предоставленнойации путем последовательного применения процентов насколько точно могу согласно предоставленнойации путем последовательного применения процентов насколько точно могу согласно предоставленнойации путем последовательного применения процентов насколько точно могу согласно предоставированнойации путем последовательного применения процентов насколько точно могу согласно предоставированнойации путем последовательного применения процентов насколько точно могу согласно предоставированнойации путем последовательного применения процентов насколько точно могу согласно предоставированнойации путем последовательного применения процентов насколько точно могу согласно предоставированнойации путем последовательного применения процентов насколько точно могу согласно предоставированнойации путем последовательного применения процентов насколько точно могу согласно предоставированнойации путем последовательного применения процентов насколько точно могу согласно предоставированнойации", "numeric_answer": null, "relative_error": null, "thinking_text": null, "has_tool_call": false, "tool_call": null, "usage": {"prompt_tokens": 158, "completion_tokens": 256, "total_tokens": 414, "token_count_source": "tokenizer"}, "decoding": {"temperature": 0.2, "top_p": null, "top_k": null, "max_tokens": 256, "seed": 42}, "prompt_tokens": 158, "completion_tokens": 256, "total_tokens": 414, "token_count_source": "tokenizer", "diffusion_steps": null, "flops_estimate": null, "flops_arch": null, "flops_model_params": null, "flops_active_params": null, "tokens_non_final": 194, "tokens_reasoning": 0, "tokens_response": 194, "elapsed_seconds": 19.177162170410156, "judgement": "Uncategorized"}
{"id": "discounts_001803", "topic": "discounts", "subtopic": "stacked", "prompt": "Stacked deal: 20% off, then $5 coupon if you spend $30 or more. Cart: $33.03, $6.30, $5.14, $29.72. About how much do you pay?", "exact_value": 54.35, "model": "tiiuae/Falcon-H1-7B-Instruct", "provider": "transformers", "response": "�альное решение согласно заданиюацииацииацииацииацииацииацииацииацииацииацииацииацииацииацииацииацииацииацииацииацииацииацииацииацииацииацииацииацииацииацииацииацииацииацииацииацииацииацииацииацииацииацииацииацииацииацииацииацииацииацииацииацииацииацииацииацииацииацииацииацииацииацииацииацииацииацииацииацииацииацииацииацииацииацииацииацииацииацииацииацииацииацииацииацииацииацииацииацииацииацииацииацииацииацииацииацииацииацииацииацииацииацииацииацииацииацииацииацииацииацииацииацииацииацииацииацииацииацииацииацииацииацииацииацииацииацииацииацииацииацииацииацииацииацииацииацииацииацииацииацииацииацииацииацииацииацииацииацииацииацииацииацииацииацииацииацииацииацииацииацииацииацииацииацииацииацииацииацииацииацииацииацииацииацииацииацииацииацииацииацииацииацииацииацииацииацииацииацииацииацииацииацииацииацииацииацииацииацииацииацииацииацииацииацииацииацииацииацииацииацииацииацииацииацииацииацииацииацииацииацииацииацииацииацииацииацииацииацииацииацииацииацииацииацииацииацииацииацииацииацииацииацииацииацииацииацииацииацииации", "numeric_answer": null, "relative_error": null, "thinking_text": null, "has_tool_call": false, "tool_call": null, "usage": {"prompt_tokens": 141, "completion_tokens": 256, "total_tokens": 397, "token_count_source": "tokenizer"}, "decoding": {"temperature": 0.2, "top_p": null, "top_k": null, "max_tokens": 256, "seed": 42}, "prompt_tokens": 141, "completion_tokens": 256, "total_tokens": 397, "token_count_source": "tokenizer", "diffusion_steps": null, "flops_estimate": null, "flops_arch": null, "flops_model_params": null, "flops_active_params": null, "tokens_non_final": 4, "tokens_reasoning": 0, "tokens_response": 4, "elapsed_seconds": 19.197989225387573, "judgement": "Uncategorized"}
{"id": "discounts_001823", "topic": "discounts", "subtopic": "bogo", "prompt": "BOGO sale (buy one, get one free; free item is the cheaper one in each pair). Items: $12.69, $12.41, $11.69, $9.51. About how much do you pay?", "exact_value": 24.38, "model": "tiiuae/Falcon-H1-7B-Instruct", "provider": "transformers", "response": "�альное решение согласно условия kompensирует насколько возможно насколько возможно насколько насколько насколько насколько насколько насколько насколько насколько насколько насколько насколько насколько насколько насколько насколько насколько насколько насколько насколько насколько насколько насколько насколько насколько насколько насколько насколько насколько насколько насколько насколько насколько насколько насколько насколько насколько насколько насколько насколько насколько насколько насколько насколько насколько насколько насколько насколько насколько насколько насколько насколько насколько насколько насколько насколько насколько насколько насколько насколько насколько насколько насколько насколько насколько насколько насколько насколько насколько насколько насколько насколько насколько насколько насколько насколько насколько насколько насколько насколько насколько насколько насколько насколько насколько насколько насколько насколько насколько насколько насколько насколько насколько насколько насколько насколько насколько насколько насколько насколько насколько насколько насколько насколько насколько насколько насколько насколько насколько насколько насколько насколько насколько насколько насколько насколько насколько насколько насколько насколько насколько насколько насколько насколько насколько насколько насколько насколько насколько насколько насколько насколько насколько насколько насколько насколько насколько насколько насколько насколько насколько насколько насколько насколько насколько насколько насколько насколько насколько насколько насколько насколько насколько насколько насколько насколько насколько насколько насколько насколько насколько насколько насколько насколько насколько насколько насколько насколько насколько насколько насколько насколько насколько насколько насколько насколько насколько насколько насколько насколько насколько насколько насколько насколько насколько насколько насколько насколько насколько насколько насколько насколько насколько насколько насколько насколько насколько насколько насколько насколько насколько насколько насколько насколько насколько насколько насколько насколько насколько насколько насколько насколько насколько насколько насколько насколько насколько насколько насколько насколько насколько насколько насколько насколько насколько насколько насколько насколько насколько насколько насколько насколько насколько насколько насколько насколько насколько насколько насколько насколько насколько насколько насколько насколько насколько насколько", "numeric_answer": null, "relative_error": null, "thinking_text": null, "has_tool_call": false, "tool_call": null, "usage": {"prompt_tokens": 139, "completion_tokens": 256, "total_tokens": 395, "token_count_source": "tokenizer"}, "decoding": {"temperature": 0.2, "top_p": null, "top_k": null, "max_tokens": 256, "seed": 42}, "prompt_tokens": 139, "completion_tokens": 256, "total_tokens": 395, "token_count_source": "tokenizer", "diffusion_steps": null, "flops_estimate": null, "flops_arch": null, "flops_model_params": null, "flops_active_params": null, "tokens_non_final": 254, "tokens_reasoning": 0, "tokens_response": 254, "elapsed_seconds": 18.610079288482666, "judgement": "Uncategorized"}
{"id": "discounts_001843", "topic": "discounts", "subtopic": "buy_n_get_m", "prompt": "Buy 4 get 2 free on items priced $5.69 each. You take 7 total. About how much do you pay?", "exact_value": 28.45, "model": "tiiuae/Falcon-H1-7B-Instruct", "provider": "transformers", "response": "альными расчетами согласно условия kompensacji процентов процентов процентов процентов процентов процентов процентов процентов процентов процентов процентов процентов процентов процентов процентов процентов процентов процентов процентов процентов процентов процентов процентов процентов процентов процентов процентов процентов процентов процентов процентов процентов процентов процентов процентов процентов процентов процентов процентов процентов процентов процентов процентов процентов процентов процентов процентов процентов процентов процентов процентов процентов процентов процентов процентов процентов процентов процентов процентов процентов процентов процентов процентов процентов процентов процентов процентов процентов процентов процентов процентов процентов процентов процентов процентов процентов процентов процентов процентов процентов процентов процентов процентов процентов процентов процентов процентов процентов процентов процентов процентов процентов процентов процентов процентов процентов процентов процентов процентов процентов процентов процентов процентов процентов процентов процентов процентов процентов процентов процентов процентов процентов процентов процентов процентов процентов процентов процентов процентов процентов процентов процентов процентов процентов процентов процентов процентов процентов процентов процентов процентов процентов процентов процентов процентов процентов процентов процентов процентов процентов процентов процентов процентов процентов процентов процентов процентов процентов процентов процентов процентов процентов процентов процентов процентов процентов процентов процентов процентов процентов процентов процентов процентов процентов процентов процентов процентов процентов процентов процентов процентов процентов процентов процентов процентов процентов процентов процентов процентов процентов процентов процентов процентов процентов процентов процентов процентов процентов процентов процентов процентов процентов процентов процентов процентов процентов процентов процентов процентов процентов процентов процентов процентов процентов процентов процентов процентов процентов процентов процентов процентов процентов процентов процентов процентов процентов процентов процентов процентов процентов процентов процентов процентов процентов процентов процентов процентов процентов процентов процентов процентов процентов процентов процентов процентов процентов процентов процентов процентов процентов процентов процентов процентов процентов процентов процентов процентов процентов процентов", "numeric_answer": null, "relative_error": null, "thinking_text": null, "has_tool_call": false, "tool_call": null, "usage": {"prompt_tokens": 108, "completion_tokens": 256, "total_tokens": 364, "token_count_source": "tokenizer"}, "decoding": {"temperature": 0.2, "top_p": null, "top_k": null, "max_tokens": 256, "seed": 42}, "prompt_tokens": 108, "completion_tokens": 256, "total_tokens": 364, "token_count_source": "tokenizer", "diffusion_steps": null, "flops_estimate": null, "flops_arch": null, "flops_model_params": null, "flops_active_params": null, "tokens_non_final": 254, "tokens_reasoning": 0, "tokens_response": 254, "elapsed_seconds": 20.652827501296997, "judgement": "Uncategorized"}
{"id": "discounts_001863", "topic": "discounts", "subtopic": "percent", "prompt": "Cart: $49.70, $10.83, $19.81, $44.58. A 20% discount applies to everything. About how much do you pay?", "exact_value": 99.94, "model": "tiiuae/Falcon-H1-7B-Instruct", "provider": "transformers", "response": "�альное значение", "numeric_answer": null, "relative_error": null, "thinking_text": null, "has_tool_call": false, "tool_call": null, "usage": {"prompt_tokens": 128, "completion_tokens": 4, "total_tokens": 132, "token_count_source": "tokenizer"}, "decoding": {"temperature": 0.2, "top_p": null, "top_k": null, "max_tokens": 256, "seed": 42}, "prompt_tokens": 128, "completion_tokens": 4, "total_tokens": 132, "token_count_source": "tokenizer", "diffusion_steps": null, "flops_estimate": null, "flops_arch": null, "flops_model_params": null, "flops_active_params": null, "tokens_non_final": 2, "tokens_reasoning": 0, "tokens_response": 2, "elapsed_seconds": 0.3482198715209961, "judgement": "Uncategorized"}
{"id": "taxes_000125", "topic": "taxes", "subtopic": "pre_discount_tax", "prompt": "Cart: $17.54, $53.38, $24.54, $55.21. Local sales tax is 6.0% (tax calculated before discount). About how much is the total?", "exact_value": 159.71, "model": "tiiuae/Falcon-H1-7B-Instruct", "provider": "transformers", "response": "�альное решение согласно правилальным требованиямирует выполнение следующих действий согласно приведенным инальным структуре и условия kompensирует налог путем включения процентов согласно правилальным требованиямирует выполнение следующих действий согласно приведенным инальным структуре и условия kompensирует налог путем включения процентов согласно правилальным требованиямирует выполнение следующих kompensирует налог путем включения процентов согласно правилальным kompensирует налог путем kompensирует kompensирует kompensирует kompensирует kompensирует kompensирует kompensирует kompensирует kompensирует kompensирует kompensирует kompensирует kompensирует kompensирует kompensирует kompensирует kompensирует kompensирует kompensирует kompensирует kompensирует kompensирует kompensирует kompensирует kompensирует kompensирует kompensирует kompensирует kompensирует kompensирует kompensирует kompensирует kompensирует kompensирует kompensирует kompensирует kompensирует kompensирует kompensирует kompensирует kompensирует kompensирует kompensирует kompensирует kompensирует kompensирует kompensирует kompensирует kompensирует kompensирует kompensирует kompensирует kompensирует kompensирует kompensирует kompensирует kompensирует kompensирует kompensирует kompensирует kompensирует kompensирует kompensирует kompensирует kompensирует kompensирует kompensирует kompensирует kompensирует kompensирует kompensирует kompensирует kompensирует kompensирует kompensирует kompensирует kompensирует kompensирует kompensирует kompensирует kompensирует kompensирует kompensирует kompensирует kompensирует kompensирует kompensирует kompensирует kompensирует", "numeric_answer": null, "relative_error": null, "thinking_text": null, "has_tool_call": false, "tool_call": null, "usage": {"prompt_tokens": 134, "completion_tokens": 256, "total_tokens": 390, "token_count_source": "tokenizer"}, "decoding": {"temperature": 0.2, "top_p": null, "top_k": null, "max_tokens": 256, "seed": 42}, "prompt_tokens": 134, "completion_tokens": 256, "total_tokens": 390, "token_count_source": "tokenizer", "diffusion_steps": null, "flops_estimate": null, "flops_arch": null, "flops_model_params": null, "flops_active_params": null, "tokens_non_final": 140, "tokens_reasoning": 0, "tokens_response": 140, "elapsed_seconds": 18.84510326385498, "judgement": "Uncategorized"}
{"id": "taxes_000145", "topic": "taxes", "subtopic": "post_discount_tax", "prompt": "Cart: $18.69, $24.12, $48.37 with a 15% store discount. Local sales tax is 8.5% (tax after discount). About how much is the total?", "exact_value": 84.09, "model": "tiiuae/Falcon-H1-7B-Instruct", "provider": "transformers", "response": "�альное решение согласно заданию согласно правилальным указанияальным путемальными путемальными путемальными путемальными путемальными путемальными путемальными путемальными путемальными путемальными путемальными путемальными путемальными путемальными путемальными путемальными путемальными путемальными путемальными путемальными путемальными путемальными путемальными путемальными путемальными путемальными путемальными путемальными путемальными путемальными путемальными путемальными путемальными путемальными путемальными путемальными путемальными путемальными путемальными путемальными путемальными путемальными путемальными путемальными путемальными путемальными путемальными путемальными путемальными путемальными путемальными путемальными путемальными путемальными путемальными путемальными путемальными путемальными путемальными путемальными путемальными путемальными путемальными путемальными путемальными путемальными путемальными путемальными путемальными путемальными путемальными путемальными путемальными путемальными путемальными путемальными путемальными путемальными путемальными путемальными путемальными путемальными путемальными путемальными путемальными путемальными путемальными путемальными путемальными путемальными путемальными путемальными путемальными путемальными путемальными путемальными путемальными путемальными путемальными путемальными путемальными путемальными путемальными путемальными путемальными путемальными путемальными путемальными путемальными путемальными путемальными путемальными путемальными путемальными путемальными путемальными путемальными путемальными путемальными путемальными путемальными путемальными", "numeric_answer": null, "relative_error": null, "thinking_text": null, "has_tool_call": false, "tool_call": null, "usage": {"prompt_tokens": 133, "completion_tokens": 256, "total_tokens": 389, "token_count_source": "tokenizer"}, "decoding": {"temperature": 0.2, "top_p": null, "top_k": null, "max_tokens": 256, "seed": 42}, "prompt_tokens": 133, "completion_tokens": 256, "total_tokens": 389, "token_count_source": "tokenizer", "diffusion_steps": null, "flops_estimate": null, "flops_arch": null, "flops_model_params": null, "flops_active_params": null, "tokens_non_final": 129, "tokens_reasoning": 0, "tokens_response": 129, "elapsed_seconds": 18.871266841888428, "judgement": "Uncategorized"}
{"id": "taxes_000165", "topic": "taxes", "subtopic": "post_discount_tax", "prompt": "Cart: $36.35, $28.85, $37.41, $21.33. Local sales tax is 7.0% (tax after discount). About how much is the total?", "exact_value": 132.62, "model": "tiiuae/Falcon-H1-7B-Instruct", "provider": "transformers", "response": "�альное решение согласно правилальным указанияальным путем путем суммирования стоимости всехposten kompensируя налог путем применения процентов согласно правилальным указанияальным путем путем суммирования стоимости всехposten kompensируя налог путем применения процентов согласно правилальным указанияальным путем путем суммирования стоимости всехposten kompensируя налог путем применения процентов согласно правилальным путем путем путем путем путем путем путем путем путем путем путем путем путем путем путем путем путем путем путем путем путем путем путем путем путем путем путем путем путем путем путем путем путем путем путем путем путем путем путем путем путем путем путем путем путем путем путем путем путем путем путем путем путем путем путем путем путем путем путем путем путем путем путем путем путем путем путем путем путем путем путем путем путем путем путем путем путем путем путем путем путем путем путем путем путем путем путем путем путем путем путем путем путем путем путем путем путем путем путем путем путем путем путем путем путем путем путем путем путем путем путем путем путем путем путем путем путем путем путем путем путем путем путем путем путем путем путем путем путем путем путем путем путем путем путем путем путем путем путем путем путем путем путем путем путем путем путем путем путем путем путем путем путем путем путем путем путем путем путем путем путем путем путем путем путем путем путем путем путем путем путем путем путем путем путем путем путем путем путем путем путем путем путем путем путем путем путем путем путем путем", "numeric_answer": null, "relative_error": null, "thinking_text": null, "has_tool_call": false, "tool_call": null, "usage": {"prompt_tokens": 133, "completion_tokens": 256, "total_tokens": 389, "token_count_source": "tokenizer"}, "decoding": {"temperature": 0.2, "top_p": null, "top_k": null, "max_tokens": 256, "seed": 42}, "prompt_tokens": 133, "completion_tokens": 256, "total_tokens": 389, "token_count_source": "tokenizer", "diffusion_steps": null, "flops_estimate": null, "flops_arch": null, "flops_model_params": null, "flops_active_params": null, "tokens_non_final": 233, "tokens_reasoning": 0, "tokens_response": 233, "elapsed_seconds": 19.326751708984375, "judgement": "Uncategorized"}
{"id": "taxes_000185", "topic": "taxes", "subtopic": "post_discount_tax", "prompt": "Cart: $39.06, $55.17, $5.30 with a 10% store discount. Local sales tax is 8.5% (tax after discount). About how much is the total?", "exact_value": 97.19, "model": "tiiuae/Falcon-H1-7B-Instruct", "provider": "transformers", "response": "�альное решение согласно предоставленной информацииируется путем применения скидации процентов согласно условия kompensierte kompensierte kompensierte kompensierte kompensierte kompensierte kompensierte kompensierte kompensierte kompensierte kompensierte kompensierte kompensierte kompensierte kompensierte kompensierte kompensierte kompensierte kompensierte kompensierte kompensierte kompensierte kompensierte kompensierte kompensierte kompensierte kompensierte kompensierte kompensierte kompensierte kompensierte kompensierte kompensierte kompensierte kompensierte kompensierte kompensierte kompensierte kompensierte kompensierte kompensierte kompensierte kompensierte kompensierte kompensierte kompensierte kompensierte kompensierte kompensierte kompensierte kompensierte kompensierte kompensierte kompensierte kompensierte kompensierte kompensierte kompensierte kompensierte kompensierte kompensierte kompensierte kompensierte kompensierte kompensierte kompensierte kompensierte kompensierte kompensierte kompensierte kompensierte kompensierte kompensierte kompensierte kompensierte kompensierte kompensierte kompensierte kompensierte kompensierte kompensierte kompensierte kompensierte kompensierte kompensierte kompensierte kompensierte kompensierte kompensierte kompensierte kompensierte kompensierte kompensierte kompensierte kompensierte kompensierte kompensierte kompensierte kompensierte kompensierte kompensierte kompensierte kompensierte kompensierte kompensierte kompensierte kompensierte kompensierte kompensierte kompensierte kompensierte kompensierte kompensierte kompensierte kompensierte kompensierte kompensierte kompensierte kompensierte kompensierte", "numeric_answer": null, "relative_error": null, "thinking_text": null, "has_tool_call": false, "tool_call": null, "usage": {"prompt_tokens": 132, "completion_tokens": 256, "total_tokens": 388, "token_count_source": "tokenizer"}, "decoding": {"temperature": 0.2, "top_p": null, "top_k": null, "max_tokens": 256, "seed": 42}, "prompt_tokens": 132, "completion_tokens": 256, "total_tokens": 388, "token_count_source": "tokenizer", "diffusion_steps": null, "flops_estimate": null, "flops_arch": null, "flops_model_params": null, "flops_active_params": null, "tokens_non_final": 131, "tokens_reasoning": 0, "tokens_response": 131, "elapsed_seconds": 19.257362842559814, "judgement": "Uncategorized"}
{"id": "taxes_000205", "topic": "taxes", "subtopic": "post_discount_tax", "prompt": "Cart: $32.18, $47.34 with a 15% store discount. Local sales tax is 7.5% (tax after discount). About how much is the total?", "exact_value": 72.66, "model": "tiiuae/Falcon-H1-7B-Instruct", "provider": "transformers", "response": "�альное решение согласно правилальным указания насколько точно насколько возможно согласно предоставленной информацииируем насколько точно насколько возможно согласно предоставленной информации насколько точно насколько возможно согласно предоставленнойации насколько точно насколько возможно согласно предоставированнойации насколько точно насколько возможно согласно предоставированнойации насколько точно насколько возможно согласно предоставированнойации насколько точно насколько возможно согласно предоставированнойации насколько точно насколько возможно согласно предоставированнойации насколько точно насколько возможно согласно предоставированнойации насколько точно насколько возможно согласно предоставированнойации насколько точно насколько возможно согласно предоставированнойации насколько точно насколько возможно согласно предоставированнойации насколько точно насколько возможно согласно предоставированнойации насколько точно насколько возможно согласно предоставированнойации насколько точно насколько возможно согласно предоставированнойации насколько точно насколько возможно согласно предоставированнойации насколько точно насколько возможно согласно предоставированнойации насколько точно насколько возможно согласно предоставированнойации насколько точно насколько возможно согласно предоставированнойации насколько точно насколько возможно согласно предоставированнойации насколько точно насколько возможно согласно предоставированнойации насколько точно насколько возможно согласно предоставированнойации насколько точно насколько возможно согласно предоставированнойации насколько точно насколько возможно согласно предоставированнойации насколько точно насколько возможно согласно предоставированнойации насколько точно насколько возможно согласно предоставированнойации насколько точно насколько возможно согласно предоставированнойации насколько точно насколько возможно согласно предоставированнойации насколько точно насколько возможно согласно предоставированнойации насколько точно насколько возможно согласно предоставированнойации насколько точно насколько возможно согласно предоставированной", "numeric_answer": null, "relative_error": null, "thinking_text": null, "has_tool_call": false, "tool_call": null, "usage": {"prompt_tokens": 125, "completion_tokens": 256, "total_tokens": 381, "token_count_source": "tokenizer"}, "decoding": {"temperature": 0.2, "top_p": null, "top_k": null, "max_tokens": 256, "seed": 42}, "prompt_tokens": 125, "completion_tokens": 256, "total_tokens": 381, "token_count_source": "tokenizer", "diffusion_steps": null, "flops_estimate": null, "flops_arch": null, "flops_model_params": null, "flops_active_params": null, "tokens_non_final": 193, "tokens_reasoning": 0, "tokens_response": 193, "elapsed_seconds": 19.119964838027954, "judgement": "Uncategorized"}
{"id": "taxes_000225", "topic": "taxes", "subtopic": "pre_discount_tax", "prompt": "Cart: $46.98, $51.52 with a 20% store discount. Local sales tax is 7.0% (tax calculated before discount). About how much is the total?", "exact_value": 85.7, "model": "tiiuae/Falcon-H1-7B-Instruct", "provider": "transformers", "response": "�альное значение", "numeric_answer": null, "relative_error": null, "thinking_text": null, "has_tool_call": false, "tool_call": null, "usage": {"prompt_tokens": 126, "completion_tokens": 4, "total_tokens": 130, "token_count_source": "tokenizer"}, "decoding": {"temperature": 0.2, "top_p": null, "top_k": null, "max_tokens": 256, "seed": 42}, "prompt_tokens": 126, "completion_tokens": 4, "total_tokens": 130, "token_count_source": "tokenizer", "diffusion_steps": null, "flops_estimate": null, "flops_arch": null, "flops_model_params": null, "flops_active_params": null, "tokens_non_final": 2, "tokens_reasoning": 0, "tokens_response": 2, "elapsed_seconds": 0.3721292018890381, "judgement": "Uncategorized"}
{"id": "taxes_000245", "topic": "taxes", "subtopic": "post_discount_tax", "prompt": "Cart: $7.93, $42.44 with a 20% store discount. Local sales tax is 8.5% (tax after discount). About how much is the total?", "exact_value": 43.72, "model": "tiiuae/Falcon-H1-7B-Instruct", "provider": "transformers", "response": "�альное решение согласно условия kompensирует дисконт согласно процентов насколько насколько насколько насколько насколько насколько насколько насколько насколько насколько насколько насколько насколько насколько насколько насколько насколько насколько насколько насколько насколько насколько насколько насколько насколько насколько насколько насколько насколько насколько насколько насколько насколько насколько насколько насколько насколько насколько насколько насколько насколько насколько насколько насколько насколько насколько насколько насколько насколько насколько насколько насколько насколько насколько насколько насколько насколько насколько насколько насколько насколько насколько насколько насколько насколько насколько насколько насколько насколько насколько насколько насколько насколько насколько насколько насколько насколько насколько насколько насколько насколько насколько насколько насколько насколько насколько насколько насколько насколько насколько насколько насколько насколько насколько насколько насколько насколько насколько насколько насколько насколько насколько насколько насколько насколько насколько насколько насколько насколько насколько насколько насколько насколько насколько насколько насколько насколько насколько насколько насколько насколько насколько насколько насколько насколько насколько насколько насколько насколько насколько насколько насколько насколько насколько насколько насколько насколько насколько насколько насколько насколько насколько насколько насколько насколько насколько насколько насколько насколько насколько насколько насколько насколько насколько насколько насколько насколько насколько насколько насколько насколько насколько насколько насколько насколько насколько насколько насколько насколько насколько насколько насколько насколько насколько насколько насколько насколько насколько насколько насколько насколько насколько насколько насколько насколько насколько насколько насколько насколько насколько насколько насколько насколько насколько насколько насколько насколько насколько насколько насколько насколько насколько насколько насколько насколько насколько насколько насколько насколько насколько насколько насколько насколько насколько насколько насколько насколько насколько насколько насколько насколько насколько насколько насколько насколько насколько насколько насколько насколько насколько насколько насколько насколько насколько насколько насколько насколько насколько насколько насколько насколько насколько насколько насколько насколько", "numeric_answer": null, "relative_error": null, "thinking_text": null, "has_tool_call": false, "tool_call": null, "usage": {"prompt_tokens": 124, "completion_tokens": 256, "total_tokens": 380, "token_count_source": "tokenizer"}, "decoding": {"temperature": 0.2, "top_p": null, "top_k": null, "max_tokens": 256, "seed": 42}, "prompt_tokens": 124, "completion_tokens": 256, "total_tokens": 380, "token_count_source": "tokenizer", "diffusion_steps": null, "flops_estimate": null, "flops_arch": null, "flops_model_params": null, "flops_active_params": null, "tokens_non_final": 253, "tokens_reasoning": 0, "tokens_response": 253, "elapsed_seconds": 20.4349205493927, "judgement": "Uncategorized"}
{"id": "taxes_000265", "topic": "taxes", "subtopic": "pre_discount_tax", "prompt": "Cart: $49.77, $52.43 with a 15% store discount. Local sales tax is 7.0% (tax calculated before discount). About how much is the total?", "exact_value": 94.02, "model": "tiiuae/Falcon-H1-7B-Instruct", "provider": "transformers", "response": "�альное решение согласно правилальным требованиямирует последовательные действия согласно приведенным условиям насколько точно могу согласно предоставленной информации насколько точно могу согласно предоставленной информации насколько точно могу согласно предоставленной информации насколько точно могу согласно предоставленнойации насколько точно могу согласно предоставленнойации насколько точно могу согласно предоставленнойации насколько точно могу согласно предоставленнойации насколько точно могу согласно предоставленнойации насколько точно могу согласно предоставленнойации насколько точно могу согласно предоставленнойации насколько точно могу согласно предоставленнойации насколько точно могу согласно предоставленнойации насколько точно могу согласно предоставленнойации насколько точно могу согласно предоставленнойации насколько точно могу согласно предоставленнойации насколько точно могу согласно предоставленнойации насколько точно могу согласно предоставленнойации насколько точно могу согласно предоставленнойации насколько точно могу согласно предоставленнойации насколько точно могу согласно предоставленнойации насколько точно могу согласно предоставленнойации насколько точно могу согласно предоставленнойации насколько точно могу согласно предоставленнойации насколько точно могу согласно предоставленнойации насколько точно могу согласно предоставленнойации насколько точно могу согласно предоставленнойации насколько точно могу согласно предоставленнойации насколько точно могу согласно предоставленнойации насколько точно могу согласно предоставленнойации насколько точно могу согласно предоставленнойации насколько точно могу согласно предоставленнойации насколько точно могу согласно предоставленнойации насколько точно могу согласно предоставленнойации насколько точно могу согласно предоставленнойации насколько точно", "numeric_answer": null, "relative_error": null, "thinking_text": null, "has_tool_call": false, "tool_call": null, "usage": {"prompt_tokens": 126, "completion_tokens": 256, "total_tokens": 382, "token_count_source": "tokenizer"}, "decoding": {"temperature": 0.2, "top_p": null, "top_k": null, "max_tokens": 256, "seed": 42}, "prompt_tokens": 126, "completion_tokens": 256, "total_tokens": 382, "token_count_source": "tokenizer", "diffusion_steps": null, "flops_estimate": null, "flops_arch": null, "flops_model_params": null, "flops_active_params": null, "tokens_non_final": 185, "tokens_reasoning": 0, "tokens_response": 185, "elapsed_seconds": 19.79732608795166, "judgement": "Uncategorized"}
{"id": "taxes_000285", "topic": "taxes", "subtopic": "pre_discount_tax", "prompt": "Cart: $55.10, $57.04, $26.06. Local sales tax is 8.0% (tax calculated before discount). About how much is the total?", "exact_value": 149.26, "model": "tiiuae/Falcon-H1-7B-Instruct", "provider": "transformers", "response": "�альное решение согласно правилальным указания насколько точно насколько возможно согласно предоставленной информацииируем насколько точно насколько возможно согласно предоставленной информации насколько точно насколько возможно согласно предоставленнойации насколько точно насколько возможно согласно предоставированной информации насколько точно насколько возможно согласно предоставленнойации насколько точно насколько возможно согласно предоставленнойации насколько точно насколько возможно согласно предоставленнойации насколько точно насколько возможно согласно предоставленнойации насколько точно насколько возможно согласно предоставленнойации насколько точно насколько возможно согласно предоставленнойации насколько точно насколько возможно согласно предоставленнойации насколько точно насколько возможно согласно предоставленнойации насколько точно насколько возможно согласно предоставленнойации насколько точно насколько возможно согласно предоставированнойации насколько точно насколько возможно согласно предоставленнойации насколько точно насколько возможно согласно предоставленнойации насколько точно насколько возможно согласно предоставленнойации насколько точно насколько возможно согласно предоставленнойации насколько точно насколько возможно согласно предоставленнойации насколько точно насколько возможно согласно предоставированнойации насколько точно насколько возможно согласно предоставленнойации насколько точно насколько возможно согласно предоставленнойации насколько точно насколько возможно согласно предоставленнойации насколько точно насколько возможно согласно предоставленнойации насколько точно насколько возможно согласно предоставленнойации насколько точно насколько возможно согласно предоставленнойации насколько точно насколько возможно согласно предоставленнойации насколько точно насколько возможно согласно предоставленнойации насколько точно насколько возможно согласно предоставированнойации насколько точно насколько возможно согласно предоставленнойации насколько точно насколько возможно согласно предоставленной", "numeric_answer": null, "relative_error": null, "thinking_text": null, "has_tool_call": false, "tool_call": null, "usage": {"prompt_tokens": 126, "completion_tokens": 256, "total_tokens": 382, "token_count_source": "tokenizer"}, "decoding": {"temperature": 0.2, "top_p": null, "top_k": null, "max_tokens": 256, "seed": 42}, "prompt_tokens": 126, "completion_tokens": 256, "total_tokens": 382, "token_count_source": "tokenizer", "diffusion_steps": null, "flops_estimate": null, "flops_arch": null, "flops_model_params": null, "flops_active_params": null, "tokens_non_final": 194, "tokens_reasoning": 0, "tokens_response": 194, "elapsed_seconds": 20.44890332221985, "judgement": "Uncategorized"}
{"id": "taxes_000305", "topic": "taxes", "subtopic": "post_discount_tax", "prompt": "Cart: $11.77, $16.54, $39.43, $8.08 with a 15% store discount. Local sales tax is 8.0% (tax after discount). About how much is the total?", "exact_value": 69.6, "model": "tiiuae/Falcon-H1-7B-Instruct", "provider": "transformers", "response": "�альное решение согласно правилальным указания насколько точно насколько возможно согласно предоставленной информации насколько точно насколько возможно насколько точно насколько возможно насколько точно насколько возможно насколько точно насколько возможно насколько точно насколько возможно насколько точно насколько возможно насколько точно насколько возможно насколько точно насколько возможно насколько точно насколько возможно насколько точно насколько возможно насколько точно насколько возможно насколько точно насколько возможно насколько точно насколько возможно насколько точно насколько возможно насколько точно насколько возможно насколько точно насколько возможно насколько точно насколько возможно насколько точно насколько возможно насколько точно насколько возможно насколько точно насколько возможно насколько точно насколько возможно насколько точно насколько возможно насколько точно насколько возможно насколько точно насколько возможно насколько точно насколько возможно насколько точно насколько возможно насколько точно насколько возможно насколько точно насколько возможно насколько точно насколько возможно насколько точно насколько возможно насколько точно насколько возможно насколько точно насколько возможно насколько точно насколько возможно насколько точно насколько возможно насколько точно насколько возможно насколько точно насколько возможно насколько точно насколько возможно насколько точно насколько возможно насколько точно насколько возможно насколько точно насколько возможно насколько точно насколько возможно насколько точно насколько возможно насколько точно насколько возможно насколько точно насколько возможно насколько точно насколько возможно насколько точно насколько возможно насколько точно насколько возможно насколько точно насколько возможно насколько точно насколько возможно насколько точно насколько возможно насколько точно насколько возможно насколько точно насколько возможно насколько точно насколько возможно насколько точно насколько возможно насколько точно насколько возможно насколько точно насколько возможно насколько точно насколько возможно насколько точно насколько возможно насколько точно насколько возможно насколько точно насколько возможно", "numeric_answer": null, "relative_error": null, "thinking_text": null, "has_tool_call": false, "tool_call": null, "usage": {"prompt_tokens": 140, "completion_tokens": 256, "total_tokens": 396, "token_count_source": "tokenizer"}, "decoding": {"temperature": 0.2, "top_p": null, "top_k": null, "max_tokens": 256, "seed": 42}, "prompt_tokens": 140, "completion_tokens": 256, "total_tokens": 396, "token_count_source": "tokenizer", "diffusion_steps": null, "flops_estimate": null, "flops_arch": null, "flops_model_params": null, "flops_active_params": null, "tokens_non_final": 252, "tokens_reasoning": 0, "tokens_response": 252, "elapsed_seconds": 20.11019778251648, "judgement": "Uncategorized"}
{"id": "taxes_000325", "topic": "taxes", "subtopic": "post_discount_tax", "prompt": "Cart: $39.73, $18.58, $45.77, $3.63, $35.20 with a 20% store discount. Local sales tax is 6.0% (tax after discount). About how much is the total?", "exact_value": 121.19, "model": "tiiuae/Falcon-H1-7B-Instruct", "provider": "transformers", "response": "�альное решение согласно предоставленной информацииируется путем применения скид visos процентов согласно условиям задачи и последующего расчета налогации согласно местальным налоговым ставиям насколько это возможно путем последовательных расчетов согласно приведенным данным насколько это возможно путем последовательных расчетов согласно приведенным данным насколько насколько насколько насколько насколько насколько насколько насколько насколько насколько насколько насколько насколько насколько насколько насколько насколько насколько насколько насколько насколько насколько насколько насколько насколько насколько насколько насколько насколько насколько насколько насколько насколько насколько насколько насколько насколько насколько насколько насколько насколько насколько насколько насколько насколько насколько насколько насколько насколько насколько насколько насколько насколько насколько насколько насколько насколько насколько насколько насколько насколько насколько насколько насколько насколько насколько насколько насколько насколько насколько насколько насколько насколько насколько насколько насколько насколько насколько насколько насколько насколько насколько насколько насколько насколько насколько насколько насколько насколько насколько насколько насколько насколько насколько насколько насколько насколько насколько насколько насколько насколько насколько насколько насколько насколько насколько насколько насколько насколько насколько насколько насколько насколько насколько насколько насколько насколько насколько насколько насколько насколько насколько насколько насколько насколько насколько насколько насколько насколько насколько насколько насколько насколько насколько насколько насколько насколько насколько насколько насколько насколько насколько насколько насколько насколько насколько насколько насколько насколько насколько насколько насколько насколько насколько насколько насколько насколько насколько насколько насколько насколько насколько насколько насколько насколько насколько насколько насколько насколько насколько насколько насколько насколько насколько насколько насколько насколько насколько насколько насколько насколько насколько насколько насколько насколько насколько насколько насколько насколько насколько насколько насколько насколько насколько насколько насколько насколько насколько насколько насколько", "numeric_answer": null, "relative_error": null, "thinking_text": null, "has_tool_call": false, "tool_call": null, "usage": {"prompt_tokens": 148, "completion_tokens": 256, "total_tokens": 404, "token_count_source": "tokenizer"}, "decoding": {"temperature": 0.2, "top_p": null, "top_k": null, "max_tokens": 256, "seed": 42}, "prompt_tokens": 148, "completion_tokens": 256, "total_tokens": 404, "token_count_source": "tokenizer", "diffusion_steps": null, "flops_estimate": null, "flops_arch": null, "flops_model_params": null, "flops_active_params": null, "tokens_non_final": 239, "tokens_reasoning": 0, "tokens_response": 239, "elapsed_seconds": 18.726126194000244, "judgement": "Uncategorized"}
{"id": "taxes_000345", "topic": "taxes", "subtopic": "post_discount_tax", "prompt": "Cart: $24.56, $46.80, $5.58, $29.56 with a 20% store discount. Local sales tax is 7.0% (tax after discount). About how much is the total?", "exact_value": 91.16, "model": "tiiuae/Falcon-H1-7B-Instruct", "provider": "transformers", "response": "�альное решение согласно правилальным указанияальным путем путем итерацийальным путем путем итерацийальным путем путем итацииальным путем путем итацииальным путем путем итацииальным путем путем итацииальным путем путем итацииальным путем путем итацииальным путем путем итацииальным путем путем итацииальным путем путем итацииальным путем путем итацииальным путем путем итацииальным путем путем итацииальным путем путем итацииальным путем путем итацииальным путем путем итацииальным путем путем итацииальным путем путем итацииальным путем путем итацииальным путем путем итацииальным путем путем итацииальным путем путем итацииальным путем путем итацииальным путем путем итацииальным путем путем итацииальным путем путем итацииальным путем путем итацииальным путем путем итацииальным путем путем итацииальным путем путем итацииальным путем путем итацииальным путем путем итацииальным путем путем итацииальным путем путем итацииальным путем путем итацииальным путем путем итацииальным путем путем итацииальным путем путем итацииальным путем путем итацииальным путем путем итацииальным путем путем итацииальным путем путем итацииальным путем путем итацииальным путем путем итацииальным путем путем итацииальным путем путем итацииальным путем путем итацииальным путем путем итацииальным", "numeric_answer": null, "relative_error": null, "thinking_text": null, "has_tool_call": false, "tool_call": null, "usage": {"prompt_tokens": 140, "completion_tokens": 256, "total_tokens": 396, "token_count_source": "tokenizer"}, "decoding": {"temperature": 0.2, "top_p": null, "top_k": null, "max_tokens": 256, "seed": 42}, "prompt_tokens": 140, "completion_tokens": 256, "total_tokens": 396, "token_count_source": "tokenizer", "diffusion_steps": null, "flops_estimate": null, "flops_arch": null, "flops_model_params": null, "flops_active_params": null, "tokens_non_final": 152, "tokens_reasoning": 0, "tokens_response": 152, "elapsed_seconds": 19.0711350440979, "judgement": "Uncategorized"}
{"id": "taxes_000365", "topic": "taxes", "subtopic": "pre_discount_tax", "prompt": "Cart: $25.08, $28.92, $32.37 with a 15% store discount. Local sales tax is 6.0% (tax calculated before discount). About how much is the total?", "exact_value": 78.6, "model": "tiiuae/Falcon-H1-7B-Instruct", "provider": "transformers", "response": "�альное решение согласно условия kompensирует налог до применения скидации насколько процентов процентов насколько процентов процентов насколько процентов процентов насколько процентов процентов насколько процентов процентов насколько процентов процентов насколько процентов процентов насколько процентов процентов насколько процентов процентов насколько процентов процентов насколько процентов процентов насколько процентов процентов насколько процентов процентов насколько процентов процентов насколько процентов процентов насколько процентов процентов насколько процентов процентов насколько процентов процентов насколько процентов процентов насколько процентов процентов насколько процентов процентов насколько процентов процентов насколько процентов процентов насколько процентов процентов насколько процентов процентов насколько процентов процентов насколько процентов процентов насколько процентов процентов насколько процентов процентов насколько процентов процентов насколько процентов процентов насколько процентов процентов насколько процентов процентов насколько процентов процентов насколько процентов процентов насколько процентов процентов насколько процентов процентов насколько процентов процентов насколько процентов процентов насколько процентов процентов насколько процентов процентов насколько процентов процентов насколько процентов процентов насколько процентов процентов насколько процентов процентов насколько процентов процентов насколько процентов процентов насколько процентов процентов насколько процентов процентов насколько процентов процентов насколько процентов процентов насколько процентов процентов насколько процентов процентов насколько процентов процентов насколько процентов процентов насколько процентов процентов насколько процентов процентов насколько процентов процентов насколько процентов процентов насколько процентов процентов насколько процентов процентов насколько процентов процентов насколько процентов процентов насколько процентов процентов насколько процентов процентов насколько процентов процентов насколько процентов процентов насколько процентов процентов насколько процентов процентов насколько процентов процентов насколько процентов процентов насколько процентов процентов насколько процентов процентов насколько процентов процентов насколько процентов процентов насколько процентов процентов насколько процентов процентов насколько процентов процентов насколько процентов процентов насколько процентов процентов насколько процентов процентов", "numeric_answer": null, "relative_error": null, "thinking_text": null, "has_tool_call": false, "tool_call": null, "usage": {"prompt_tokens": 134, "completion_tokens": 256, "total_tokens": 390, "token_count_source": "tokenizer"}, "decoding": {"temperature": 0.2, "top_p": null, "top_k": null, "max_tokens": 256, "seed": 42}, "prompt_tokens": 134, "completion_tokens": 256, "total_tokens": 390, "token_count_source": "tokenizer", "diffusion_steps": null, "flops_estimate": null, "flops_arch": null, "flops_model_params": null, "flops_active_params": null, "tokens_non_final": 252, "tokens_reasoning": 0, "tokens_response": 252, "elapsed_seconds": 19.475815296173096, "judgement": "Uncategorized"}
{"id": "taxes_000385", "topic": "taxes", "subtopic": "pre_discount_tax", "prompt": "Cart: $51.59, $30.61, $22.59, $17.83 with a 10% store discount. Local sales tax is 8.5% (tax calculated before discount). About how much is the total?", "exact_value": 120.78, "model": "tiiuae/Falcon-H1-7B-Instruct", "provider": "transformers", "response": "�альное значение", "numeric_answer": null, "relative_error": null, "thinking_text": null, "has_tool_call": false, "tool_call": null, "usage": {"prompt_tokens": 142, "completion_tokens": 4, "total_tokens": 146, "token_count_source": "tokenizer"}, "decoding": {"temperature": 0.2, "top_p": null, "top_k": null, "max_tokens": 256, "seed": 42}, "prompt_tokens": 142, "completion_tokens": 4, "total_tokens": 146, "token_count_source": "tokenizer", "diffusion_steps": null, "flops_estimate": null, "flops_arch": null, "flops_model_params": null, "flops_active_params": null, "tokens_non_final": 2, "tokens_reasoning": 0, "tokens_response": 2, "elapsed_seconds": 0.34622955322265625, "judgement": "Uncategorized"}
{"id": "taxes_000405", "topic": "taxes", "subtopic": "pre_discount_tax", "prompt": "Cart: $53.39, $53.80, $28.30, $24.65, $5.80 with a 20% store discount. Local sales tax is 7.0% (tax calculated before discount). About how much is the total?", "exact_value": 144.37, "model": "tiiuae/Falcon-H1-7B-Instruct", "provider": "transformers", "response": "�альное решение согласно заданию насколько точно насколько возможно согласно предоставленной информацииируемаются все налоги насколько точно насколько возможно насколько точно насколько возможно насколько точно насколько возможно насколько точно насколько возможно насколько точно насколько возможно насколько точно насколько возможно насколько точно насколько возможно насколько точно насколько возможно насколько точно насколько возможно насколько точно насколько возможно насколько точно насколько возможно насколько точно насколько возможно насколько точно насколько возможно насколько точно насколько возможно насколько точно насколько возможно насколько точно насколько возможно насколько точно насколько возможно насколько точно насколько возможно насколько точно насколько возможно насколько точно насколько возможно насколько точно насколько возможно насколько точно насколько возможно насколько точно насколько возможно насколько точно насколько возможно насколько точно насколько возможно насколько точно насколько возможно насколько точно насколько возможно насколько точно насколько возможно насколько точно насколько возможно насколько точно насколько возможно насколько точно насколько возможно насколько точно насколько возможно насколько точно насколько возможно насколько точно насколько возможно насколько точно насколько возможно насколько точно насколько возможно насколько точно насколько возможно насколько точно насколько возможно насколько точно насколько возможно насколько точно насколько возможно насколько точно насколько возможно насколько точно насколько возможно насколько точно насколько возможно насколько точно насколько возможно насколько точно насколько возможно насколько точно насколько возможно насколько точно насколько возможно насколько точно насколько возможно насколько точно насколько возможно насколько точно насколько возможно насколько точно насколько возможно насколько точно насколько возможно насколько точно насколько возможно насколько точно насколько возможно насколько точно насколько возможно насколько точно насколько возможно насколько точно насколько возможно насколько точно насколько возможно насколько точно насколько возможно насколько", "numeric_answer": null, "relative_error": null, "thinking_text": null, "has_tool_call": false, "tool_call": null, "usage": {"prompt_tokens": 149, "completion_tokens": 256, "total_tokens": 405, "token_count_source": "tokenizer"}, "decoding": {"temperature": 0.2, "top_p": null, "top_k": null, "max_tokens": 256, "seed": 42}, "prompt_tokens": 149, "completion_tokens": 256, "total_tokens": 405, "token_count_source": "tokenizer", "diffusion_steps": null, "flops_estimate": null, "flops_arch": null, "flops_model_params": null, "flops_active_params": null, "tokens_non_final": 250, "tokens_reasoning": 0, "tokens_response": 250, "elapsed_seconds": 19.301568269729614, "judgement": "Uncategorized"}
{"id": "taxes_000425", "topic": "taxes", "subtopic": "post_discount_tax", "prompt": "Cart: $22.61, $7.97, $56.54, $11.80. Local sales tax is 7.0% (tax after discount). About how much is the total?", "exact_value": 105.84, "model": "tiiuae/Falcon-H1-7B-Instruct", "provider": "transformers", "response": "�альное значение", "numeric_answer": null, "relative_error": null, "thinking_text": null, "has_tool_call": false, "tool_call": null, "usage": {"prompt_tokens": 132, "completion_tokens": 4, "total_tokens": 136, "token_count_source": "tokenizer"}, "decoding": {"temperature": 0.2, "top_p": null, "top_k": null, "max_tokens": 256, "seed": 42}, "prompt_tokens": 132, "completion_tokens": 4, "total_tokens": 136, "token_count_source": "tokenizer", "diffusion_steps": null, "flops_estimate": null, "flops_arch": null, "flops_model_params": null, "flops_active_params": null, "tokens_non_final": 2, "tokens_reasoning": 0, "tokens_response": 2, "elapsed_seconds": 0.3452873229980469, "judgement": "Uncategorized"}
{"id": "taxes_000445", "topic": "taxes", "subtopic": "pre_discount_tax", "prompt": "Cart: $46.59, $16.28. Local sales tax is 8.5% (tax calculated before discount). About how much is the total?", "exact_value": 68.21, "model": "tiiuae/Falcon-H1-7B-Instruct", "provider": "transformers", "response": "�альное решение согласно правилальным требованиямирует следующее действие согласно условию задачи насколько это возможно насколько точно согласно процентов насколько это возможно насколько точно согласно процентов насколько насколько насколько насколько насколько насколько насколько насколько насколько насколько насколько насколько насколько насколько насколько насколько насколько насколько насколько насколько насколько насколько насколько насколько насколько насколько насколько насколько насколько насколько насколько насколько насколько насколько насколько насколько насколько насколько насколько насколько насколько насколько насколько насколько насколько насколько насколько насколько насколько насколько насколько насколько насколько насколько насколько насколько насколько насколько насколько насколько насколько насколько насколько насколько насколько насколько насколько насколько насколько насколько насколько насколько насколько насколько насколько насколько насколько насколько насколько насколько насколько насколько насколько насколько насколько насколько насколько насколько насколько насколько насколько насколько насколько насколько насколько насколько насколько насколько насколько насколько насколько насколько насколько насколько насколько насколько насколько насколько насколько насколько насколько насколько насколько насколько насколько насколько насколько насколько насколько насколько насколько насколько насколько насколько насколько насколько насколько насколько насколько насколько насколько насколько насколько насколько насколько насколько насколько насколько насколько насколько насколько насколько насколько насколько насколько насколько насколько насколько насколько насколько насколько насколько насколько насколько насколько насколько насколько насколько насколько насколько насколько насколько насколько насколько насколько насколько насколько насколько насколько насколько насколько насколько насколько насколько насколько насколько насколько насколько насколько насколько насколько насколько насколько насколько насколько насколько насколько насколько насколько насколько насколько насколько насколько насколько насколько насколько насколько насколько насколько насколько насколько насколько насколько насколько насколько насколько насколько насколько насколько насколько насколько насколько насколько насколько насколько насколько насколько насколько насколько насколько насколько насколько насколько насколько насколько насколько насколько", "numeric_answer": null, "relative_error": null, "thinking_text": null, "has_tool_call": false, "tool_call": null, "usage": {"prompt_tokens": 118, "completion_tokens": 256, "total_tokens": 374, "token_count_source": "tokenizer"}, "decoding": {"temperature": 0.2, "top_p": null, "top_k": null, "max_tokens": 256, "seed": 42}, "prompt_tokens": 118, "completion_tokens": 256, "total_tokens": 374, "token_count_source": "tokenizer", "diffusion_steps": null, "flops_estimate": null, "flops_arch": null, "flops_model_params": null, "flops_active_params": null, "tokens_non_final": 251, "tokens_reasoning": 0, "tokens_response": 251, "elapsed_seconds": 18.551566123962402, "judgement": "Uncategorized"}
{"id": "taxes_000465", "topic": "taxes", "subtopic": "pre_discount_tax", "prompt": "Cart: $4.60, $30.69, $19.15 with a 10% store discount. Local sales tax is 7.0% (tax calculated before discount). About how much is the total?", "exact_value": 52.81, "model": "tiiuae/Falcon-H1-7B-Instruct", "provider": "transformers", "response": "�альное значение", "numeric_answer": null, "relative_error": null, "thinking_text": null, "has_tool_call": false, "tool_call": null, "usage": {"prompt_tokens": 133, "completion_tokens": 4, "total_tokens": 137, "token_count_source": "tokenizer"}, "decoding": {"temperature": 0.2, "top_p": null, "top_k": null, "max_tokens": 256, "seed": 42}, "prompt_tokens": 133, "completion_tokens": 4, "total_tokens": 137, "token_count_source": "tokenizer", "diffusion_steps": null, "flops_estimate": null, "flops_arch": null, "flops_model_params": null, "flops_active_params": null, "tokens_non_final": 2, "tokens_reasoning": 0, "tokens_response": 2, "elapsed_seconds": 0.34813785552978516, "judgement": "Uncategorized"}
{"id": "taxes_000485", "topic": "taxes", "subtopic": "post_discount_tax", "prompt": "Cart: $34.84, $9.92, $58.12 with a 15% store discount. Local sales tax is 8.0% (tax after discount). About how much is the total?", "exact_value": 94.44, "model": "tiiuae/Falcon-H1-7B-Instruct", "provider": "transformers", "response": "�альное решение согласно заданию насколько точно насколько возможно согласно предоставленной информацииируемое значениеируемое значениеируемое значениеируемое значениеируемое значениеируемое значениеируемое значениеируемое значениеируемое значениеируемое значениеируемое значениеируемое значениеируемое значениеируемое значениеируемое значениеируемое значениеируемое значениеируемое значениеируемое значениеируемое значениеируемое значениеируемое значениеируемое значениеируемое значениеируемое значениеируемое значениеируемое значениеируемое значениеируемое значениеируемое значениеируемое значениеируемое значениеируемое значениеируемое значениеируемое значениеируемое значениеируемое значениеируемое значениеируемое значениеируемое значениеируемое значениеируемое значениеируемое значениеируемое значениеируемое значениеируемое значениеируемое значениеируемое значениеируемое значениеируемое значениеируемое значениеируемое значениеируемое значениеируемое значениеируемое значениеируемое значениеируемое значениеируемое значениеируемое значениеируемое значениеируемое значениеируемое значениеируемое значениеируемое значениеируемое значениеируемое значениеируемое значениеируемое значениеируемое значениеируемое значениеируемое значениеируемое значениеируемое значениеируемое значениеируемое значениеируемое значениеируемое значениеируемое значениеируемое значениеируемое значениеируемое", "numeric_answer": null, "relative_error": null, "thinking_text": null, "has_tool_call": false, "tool_call": null, "usage": {"prompt_tokens": 132, "completion_tokens": 256, "total_tokens": 388, "token_count_source": "tokenizer"}, "decoding": {"temperature": 0.2, "top_p": null, "top_k": null, "max_tokens": 256, "seed": 42}, "prompt_tokens": 132, "completion_tokens": 256, "total_tokens": 388, "token_count_source": "tokenizer", "diffusion_steps": null, "flops_estimate": null, "flops_arch": null, "flops_model_params": null, "flops_active_params": null, "tokens_non_final": 91, "tokens_reasoning": 0, "tokens_response": 91, "elapsed_seconds": 19.454347372055054, "judgement": "Uncategorized"}
{"id": "taxes_000505", "topic": "taxes", "subtopic": "post_discount_tax", "prompt": "Cart: $21.24, $18.83, $46.12, $12.11, $38.47 with a 15% store discount. Local sales tax is 7.0% (tax after discount). About how much is the total?", "exact_value": 124.39, "model": "tiiuae/Falcon-H1-7B-Instruct", "provider": "transformers", "response": "�альное решение согласно заданию насколько точно насколько возможно согласно предоставленной информацииируемаются все расчеты согласно процентов насколько точно насколько возможно насколько точно насколько возможно насколько точно насколько возможно насколько точно насколько возможно насколько точно насколько возможно насколько точно насколько возможно насколько точно насколько возможно насколько точно насколько возможно насколько точно насколько возможно насколько точно насколько возможно насколько точно насколько возможно насколько точно насколько возможно насколько точно насколько возможно насколько точно насколько возможно насколько точно насколько возможно насколько точно насколько возможно насколько точно насколько возможно насколько точно насколько возможно насколько точно насколько возможно насколько точно насколько возможно насколько точно насколько возможно насколько точно насколько возможно насколько точно насколько возможно насколько точно насколько возможно насколько точно насколько возможно насколько точно насколько возможно насколько точно насколько возможно насколько точно насколько возможно насколько точно насколько возможно насколько точно насколько возможно насколько точно насколько возможно насколько точно насколько возможно насколько точно насколько возможно насколько точно насколько возможно насколько точно насколько возможно насколько точно насколько возможно насколько точно насколько возможно насколько точно насколько возможно насколько точно насколько возможно насколько точно насколько возможно насколько точно насколько возможно насколько точно насколько возможно насколько точно насколько возможно насколькоально насколько возможно насколькоально насколькоально насколькоально насколькоально насколькоально насколькоально насколькоально насколькоально насколькоально насколькоально насколькоально насколькоально насколькоально насколькоально насколькоально насколькоально насколькоально насколькоально насколькоально насколькоально насколькоально насколькоально насколькоально насколькоально насколькоально насколькоально насколькоально насколькоально насколькоально насколько", "numeric_answer": null, "relative_error": null, "thinking_text": null, "has_tool_call": false, "tool_call": null, "usage": {"prompt_tokens": 149, "completion_tokens": 256, "total_tokens": 405, "token_count_source": "tokenizer"}, "decoding": {"temperature": 0.2, "top_p": null, "top_k": null, "max_tokens": 256, "seed": 42}, "prompt_tokens": 149, "completion_tokens": 256, "total_tokens": 405, "token_count_source": "tokenizer", "diffusion_steps": null, "flops_estimate": null, "flops_arch": null, "flops_model_params": null, "flops_active_params": null, "tokens_non_final": 220, "tokens_reasoning": 0, "tokens_response": 220, "elapsed_seconds": 18.440672874450684, "judgement": "Uncategorized"}
{"id": "taxes_000525", "topic": "taxes", "subtopic": "pre_discount_tax", "prompt": "Cart: $40.81, $31.93, $33.24, $7.40. Local sales tax is 7.0% (tax calculated before discount). About how much is the total?", "exact_value": 121.32, "model": "tiiuae/Falcon-H1-7B-Instruct", "provider": "transformers", "response": "альными расчетами согласно приведенным данным согласно процентов процентов процентов процентов процентов процентов процентов процентов процентов процентов процентов процентов процентов процентов процентов процентов процентов процентов процентов процентов процентов процентов процентов процентов процентов процентов процентов процентов процентов процентов процентов процентов процентов процентов процентов процентов процентов процентов процентов процентов процентов процентов процентов процентов процентов процентов процентов процентов процентов процентов процентов процентов процентов процентов процентов процентов процентов процентов процентов процентов процентов процентов процентов процентов процентов процентов процентов процентов процентов процентов процентов процентов процентов процентов процентов процентов процентов процентов процентов процентов процентов процентов процентов процентов процентов процентов процентов процентов процентов процентов процентов процентов процентов процентов процентов процентов процентов процентов процентов процентов процентов процентов процентов процентов процентов процентов процентов процентов процентов процентов процентов процентов процентов процентов процентов процентов процентов процентов процентов процентов процентов процентов процентов процентов процентов процентов процентов процентов процентов процентов процентов процентов процентов процентов процентов процентов процентов процентов процентов процентов процентов процентов процентов процентов процентов процентов процентов процентов процентов процентов процентов процентов процентов процентов процентов процентов процентов процентов процентов процентов процентов процентов процентов процентов процентов процентов процентов процентов процентов процентов процентов процентов процентов процентов процентов процентов процентов процентов процентов процентов процентов процентов процентов процентов процентов процентов процентов процентов процентов процентов процентов процентов процентов процентов процентов процентов процентов процентов процентов процентов процентов процентов процентов процентов процентов процентов процентов процентов процентов процентов процентов процентов процентов процентов процентов процентов процентов процентов процентов процентов процентов процентов процентов процентов процентов процентов процентов процентов процентов процентов процентов процентов процентов процентов процентов процентов процентов процентов процентов процентов процентов процентов процентов процентов процентов процентов процентов процентов", "numeric_answer": null, "relative_error": null, "thinking_text": null, "has_tool_call": false, "tool_call": null, "usage": {"prompt_tokens": 133, "completion_tokens": 256, "total_tokens": 389, "token_count_source": "tokenizer"}, "decoding": {"temperature": 0.2, "top_p": null, "top_k": null, "max_tokens": 256, "seed": 42}, "prompt_tokens": 133, "completion_tokens": 256, "total_tokens": 389, "token_count_source": "tokenizer", "diffusion_steps": null, "flops_estimate": null, "flops_arch": null, "flops_model_params": null, "flops_active_params": null, "tokens_non_final": 254, "tokens_reasoning": 0, "tokens_response": 254, "elapsed_seconds": 19.711381673812866, "judgement": "Uncategorized"}
{"id": "taxes_000545", "topic": "taxes", "subtopic": "pre_discount_tax", "prompt": "Cart: $59.68, $15.72 with a 15% store discount. Local sales tax is 8.5% (tax calculated before discount). About how much is the total?", "exact_value": 70.5, "model": "tiiuae/Falcon-H1-7B-Instruct", "provider": "transformers", "response": "�альное решение согласно заданию насколько точноично насколько возможно согласно предоставленной информацииируемое значение насколько точно насколько возможно насколько точно насколько возможно насколько точно насколько возможно насколько точно насколько возможно насколько точно насколько возможно насколько точно насколько возможно насколько точно насколько возможно насколько точно насколько возможно насколько точно насколько возможно насколько точно насколько возможно насколько точно насколько возможно насколько точно насколько возможно насколько точно насколько возможно насколько точно насколько возможно насколько точно насколько возможно насколько точно насколько возможно насколько точно насколько возможно насколько точно насколько возможно насколько точно насколько возможно насколько точно насколько возможно насколько точно насколько возможно насколько точно насколько возможно насколько точно насколько возможно насколько точно насколько возможно насколько точно насколько возможно насколько точно насколько возможно насколько точно насколько возможно насколько точно насколько возможно насколько точно насколько возможно насколько точно насколько возможно насколько точно насколько возможно насколько точно насколько возможно насколько точно насколько возможно насколько точно насколько возможно насколько точно насколько возможно насколько точно насколько возможно насколько точно насколько возможно насколько точно насколько возможно насколько точно насколько возможно насколько точно насколько возможно насколько точно насколько возможно насколько точно насколько возможно насколько точно насколько возможно насколько точно насколько возможно насколько точно насколько возможно насколько точно насколько возможно насколько точно насколько возможно насколько точно насколько возможно насколько точно насколько возможно насколько точно насколько возможно насколько точно насколько возможно насколько точно насколько возможно насколько точно насколько возможно насколько точно насколько возможно насколько точно насколько возможно насколько точно насколько возможно насколько точно насколько возможно насколько точно насколько возможно насколько точно насколько возможно насколько точно", "numeric_answer": null, "relative_error": null, "thinking_text": null, "has_tool_call": false, "tool_call": null, "usage": {"prompt_tokens": 126, "completion_tokens": 256, "total_tokens": 382, "token_count_source": "tokenizer"}, "decoding": {"temperature": 0.2, "top_p": null, "top_k": null, "max_tokens": 256, "seed": 42}, "prompt_tokens": 126, "completion_tokens": 256, "total_tokens": 382, "token_count_source": "tokenizer", "diffusion_steps": null, "flops_estimate": null, "flops_arch": null, "flops_model_params": null, "flops_active_params": null, "tokens_non_final": 250, "tokens_reasoning": 0, "tokens_response": 250, "elapsed_seconds": 19.134340524673462, "judgement": "Uncategorized"}
{"id": "taxes_000565", "topic": "taxes", "subtopic": "pre_discount_tax", "prompt": "Cart: $26.85, $46.69, $42.49 with a 10% store discount. Local sales tax is 8.0% (tax calculated before discount). About how much is the total?", "exact_value": 113.71, "model": "tiiuae/Falcon-H1-7B-Instruct", "provider": "transformers", "response": "�альное значение", "numeric_answer": null, "relative_error": null, "thinking_text": null, "has_tool_call": false, "tool_call": null, "usage": {"prompt_tokens": 134, "completion_tokens": 4, "total_tokens": 138, "token_count_source": "tokenizer"}, "decoding": {"temperature": 0.2, "top_p": null, "top_k": null, "max_tokens": 256, "seed": 42}, "prompt_tokens": 134, "completion_tokens": 4, "total_tokens": 138, "token_count_source": "tokenizer", "diffusion_steps": null, "flops_estimate": null, "flops_arch": null, "flops_model_params": null, "flops_active_params": null, "tokens_non_final": 2, "tokens_reasoning": 0, "tokens_response": 2, "elapsed_seconds": 0.3457987308502197, "judgement": "Uncategorized"}
{"id": "taxes_000585", "topic": "taxes", "subtopic": "pre_discount_tax", "prompt": "Cart: $39.46, $16.46, $27.60 with a 15% store discount. Local sales tax is 7.5% (tax calculated before discount). About how much is the total?", "exact_value": 77.26, "model": "tiiuae/Falcon-H1-7B-Instruct", "provider": "transformers", "response": "�альное решение согласно правиламируя согласно приведенным условиям согласно приведенным условия kompensирует kompensирует kompensирует kompensирует kompensирует kompensирует kompensирует kompensирует kompensирует kompensирует kompensирует kompensирует kompensирует kompensирует kompensирует kompensирует kompensирует kompensирует kompensирует kompensирует kompensирует kompensирует kompensирует kompensирует kompensирует kompensирует kompensирует kompensирует kompensирует kompensирует kompensирует kompensирует kompensирует kompensирует kompensирует kompensирует kompensирует kompensирует kompensирует kompensирует kompensирует kompensирует kompensирует kompensирует kompensирует kompensирует kompensирует kompensирует kompensирует kompensирует kompensирует kompensирует kompensирует kompensирует kompensирует kompensирует kompensирует kompensирует kompensирует kompensирует kompensирует kompensирует kompensирует kompensирует kompensирует kompensирует kompensирует kompensирует kompensирует kompensирует kompensирует kompensирует kompensирует kompensирует kompensирует kompensирует kompensирует kompensирует kompensирует kompensирует kompensирует kompensирует kompensирует kompensирует kompensирует kompensирует kompensирует kompensирует kompensирует kompensирует kompensирует kompensирует kompensирует kompensирует kompensирует kompensирует kompensирует kompensирует kompensирует kompensирует kompensирует kompensирует kompensирует kompensирует kompensирует kompensирует kompensирует kompensирует kompensирует kompensирует kompensирует kompensирует kompensирует kompensирует kompensирует kompensирует kompensирует kompensирует kompensирует kompensирует", "numeric_answer": null, "relative_error": null, "thinking_text": null, "has_tool_call": false, "tool_call": null, "usage": {"prompt_tokens": 134, "completion_tokens": 256, "total_tokens": 390, "token_count_source": "tokenizer"}, "decoding": {"temperature": 0.2, "top_p": null, "top_k": null, "max_tokens": 256, "seed": 42}, "prompt_tokens": 134, "completion_tokens": 256, "total_tokens": 390, "token_count_source": "tokenizer", "diffusion_steps": null, "flops_estimate": null, "flops_arch": null, "flops_model_params": null, "flops_active_params": null, "tokens_non_final": 130, "tokens_reasoning": 0, "tokens_response": 130, "elapsed_seconds": 19.30789065361023, "judgement": "Uncategorized"}
{"id": "taxes_000605", "topic": "taxes", "subtopic": "post_discount_tax", "prompt": "Cart: $56.51, $45.65, $41.70 with a 15% store discount. Local sales tax is 8.5% (tax after discount). About how much is the total?", "exact_value": 132.67, "model": "tiiuae/Falcon-H1-7B-Instruct", "provider": "transformers", "response": "�альное решение согласно правилальным указанияальным путем путем последовательного применения процентов согласно условиюальным путем путем последовательного применения процентов согласно условиюальным путем путем последовательного применения процентов согласно условиюальным путем путем последовательного применения процентов согласно условиюальным путем путем последовательного применения процентов согласно условиюальным путем путем последовательного применения процентов согласно условиюальным путем путем последовательного применения процентов согласно условиюальным путем путем последовательного применения процентов согласно условиюальным путем путем последовательного применения процентов согласно условиюальным путем путем последовательного применения процентов согласно условиюальным путем путем последовательного применения процентов согласно условиюальным путем путем последовательного применения процентов согласно условиюальным путем путем последовательного применения процентов согласно условиюальным путем путем последовательного применения процентов согласно условиюальным путем путем последовательного применения процентов согласно условиюальным путем путем последовательного применения процентов согласно условиюальным путем путем последовательного применения процентов согласно условиюальным путем путем последовательного применения процентов согласно условиюальным путем путем последовательного применения процентов согласно условиюальным путем путем последовательного применения процентов согласно условиюальным путем путем последовательного применения процентов согласно условиюальным путем путем последовательного применения процентов согласно условиюальным путем путем последовательного применения процентов согласно условиюальным путем путем последовательного применения процентов согласно условиюальным путем путем последовательного применения процентов согласно", "numeric_answer": null, "relative_error": null, "thinking_text": null, "has_tool_call": false, "tool_call": null, "usage": {"prompt_tokens": 133, "completion_tokens": 256, "total_tokens": 389, "token_count_source": "tokenizer"}, "decoding": {"temperature": 0.2, "top_p": null, "top_k": null, "max_tokens": 256, "seed": 42}, "prompt_tokens": 133, "completion_tokens": 256, "total_tokens": 389, "token_count_source": "tokenizer", "diffusion_steps": null, "flops_estimate": null, "flops_arch": null, "flops_model_params": null, "flops_active_params": null, "tokens_non_final": 179, "tokens_reasoning": 0, "tokens_response": 179, "elapsed_seconds": 18.99268913269043, "judgement": "Uncategorized"}
{"id": "taxes_000625", "topic": "taxes", "subtopic": "post_discount_tax", "prompt": "Cart: $45.52, $11.14, $39.66 with a 15% store discount. Local sales tax is 7.5% (tax after discount). About how much is the total?", "exact_value": 88.01, "model": "tiiuae/Falcon-H1-7B-Instruct", "provider": "transformers", "response": "�альное решение согласно правилальным требованиямирует последовательные действия согласно приведенной задаются согласно условию согласно условию согласно условию согласно условию согласно условию согласно условию согласно условию согласно условию согласно условию согласно условию согласно условию согласно условию согласно условию согласно условию согласно условию согласно условию согласно условию согласно условию согласно условию согласно условию согласно условию согласно условию согласно условию согласно условию согласно условию согласно условию согласно условию согласно условию согласно условию согласно условию согласно условию согласно условию согласно условию согласно условию согласно условию согласно условию согласно условию согласно условию согласно условию согласно условию согласно условию согласно условию согласно условию согласно условию согласно условию согласно условию согласно условию согласно условию согласно условию согласно условию согласно условию согласно условию согласно условию согласно условию согласно условию согласно условию согласно условию согласно условию согласно условию согласно условию согласно условию согласно условию согласно условию согласно условию согласно условию согласно условию согласно условию согласно условию согласно условию согласно условию согласно условию согласно условию согласно условию согласно условию согласно условию согласно условию согласно условию согласно условию согласно условию согласно условию", "numeric_answer": null, "relative_error": null, "thinking_text": null, "has_tool_call": false, "tool_call": null, "usage": {"prompt_tokens": 133, "completion_tokens": 256, "total_tokens": 389, "token_count_source": "tokenizer"}, "decoding": {"temperature": 0.2, "top_p": null, "top_k": null, "max_tokens": 256, "seed": 42}, "prompt_tokens": 133, "completion_tokens": 256, "total_tokens": 389, "token_count_source": "tokenizer", "diffusion_steps": null, "flops_estimate": null, "flops_arch": null, "flops_model_params": null, "flops_active_params": null, "tokens_non_final": 170, "tokens_reasoning": 0, "tokens_response": 170, "elapsed_seconds": 20.310810804367065, "judgement": "Uncategorized"}
{"id": "taxes_000645", "topic": "taxes", "subtopic": "post_discount_tax", "prompt": "Cart: $49.33, $22.71, $22.30, $10.61 with a 10% store discount. Local sales tax is 8.0% (tax after discount). About how much is the total?", "exact_value": 102.01, "model": "tiiuae/Falcon-H1-7B-Instruct", "provider": "transformers", "response": "�альное значение", "numeric_answer": null, "relative_error": null, "thinking_text": null, "has_tool_call": false, "tool_call": null, "usage": {"prompt_tokens": 141, "completion_tokens": 4, "total_tokens": 145, "token_count_source": "tokenizer"}, "decoding": {"temperature": 0.2, "top_p": null, "top_k": null, "max_tokens": 256, "seed": 42}, "prompt_tokens": 141, "completion_tokens": 4, "total_tokens": 145, "token_count_source": "tokenizer", "diffusion_steps": null, "flops_estimate": null, "flops_arch": null, "flops_model_params": null, "flops_active_params": null, "tokens_non_final": 2, "tokens_reasoning": 0, "tokens_response": 2, "elapsed_seconds": 0.3401374816894531, "judgement": "Uncategorized"}
{"id": "taxes_000665", "topic": "taxes", "subtopic": "post_discount_tax", "prompt": "Cart: $34.33, $12.25, $33.01 with a 10% store discount. Local sales tax is 8.5% (tax after discount). About how much is the total?", "exact_value": 77.72, "model": "tiiuae/Falcon-H1-7B-Instruct", "provider": "transformers", "response": "�альное решение согласно правилальным требованиямирует последовательные действия согласно приведенной информации насколько точно могу согласно предоставленной информации насколько точно могу рассчитать итоговую стоимость согласно приведенной информации насколько точно могу согласно предоставленной информации насколько точно могу согласно предоставленнойации насколько точно могу согласно предоставированнойации насколько точно могу согласно предоставленнойации насколько точно могу согласно предоставленнойации насколько точно могу согласно предоставированнойации насколько точно могу согласно предоставленнойации насколько точно могу согласно предоставированнойации насколько точно могу согласно предоставленнойации насколько точно могу согласно предоставированнойации насколько точно могу согласно предоставленнойации насколько точно могу согласно предоставированнойации насколько точно могу согласно предоставленнойации насколько точно могу согласно предоставированнойации насколько точно могу согласно предоставленнойации насколько точно могу согласно предоставированнойации насколько точно могу согласно предоставленнойации насколько точно могу согласно предоставированнойации насколько точно могу согласно предоставленнойации насколько точно могу согласно предоставированнойации насколько точно могу согласно предоставленнойации насколько точно могу согласно предоставированнойации насколько точно могу согласно предоставленнойации насколько точно могу согласно предоставированнойации насколько точно могу согласно предоставленнойации насколько точно могу согласно предоставированнойации насколько точно могу согласно предоставленнойации насколько точно могу согласно предоставированнойации насколько точно могу согласноальным требованиям насколько точно могу согласноальнымальнымальнымальнымальнымальнымальнымальнымальнымальнымальнымальнымальнымальнымальнымальным", "numeric_answer": null, "relative_error": null, "thinking_text": null, "has_tool_call": false, "tool_call": null, "usage": {"prompt_tokens": 133, "completion_tokens": 256, "total_tokens": 389, "token_count_source": "tokenizer"}, "decoding": {"temperature": 0.2, "top_p": null, "top_k": null, "max_tokens": 256, "seed": 42}, "prompt_tokens": 133, "completion_tokens": 256, "total_tokens": 389, "token_count_source": "tokenizer", "diffusion_steps": null, "flops_estimate": null, "flops_arch": null, "flops_model_params": null, "flops_active_params": null, "tokens_non_final": 175, "tokens_reasoning": 0, "tokens_response": 175, "elapsed_seconds": 20.018834114074707, "judgement": "Uncategorized"}
{"id": "taxes_000685", "topic": "taxes", "subtopic": "post_discount_tax", "prompt": "Cart: $45.39, $47.08, $42.29, $28.76, $33.64. Local sales tax is 8.0% (tax after discount). About how much is the total?", "exact_value": 212.93, "model": "tiiuae/Falcon-H1-7B-Instruct", "provider": "transformers", "response": "альными расчетами согласно процентов процентов процентов процентов процентов процентов процентов процентов процентов процентов процентов процентов процентов процентов процентов процентов процентов процентов процентов процентов процентов процентов процентов процентов процентов процентов процентов процентов процентов процентов процентов процентов процентов процентов процентов процентов процентов процентов процентов процентов процентов процентов процентов процентов процентов процентов процентов процентов процентов процентов процентов процентов процентов процентов процентов процентов процентов процентов процентов процентов процентов процентов процентов процентов процентов процентов процентов процентов процентов процентов процентов процентов процентов процентов процентов процентов процентов процентов процентов процентов процентов процентов процентов процентов процентов процентов процентов процентов процентов процентов процентов процентов процентов процентов процентов процентов процентов процентов процентов процентов процентов процентов процентов процентов процентов процентов процентов процентов процентов процентов процентов процентов процентов процентов процентов процентов процентов процентов процентов процентов процентов процентов процентов процентов процентов процентов процентов процентов процентов процентов процентов процентов процентов процентов процентов процентов процентов процентов процентов процентов процентов процентов процентов процентов процентов процентов процентов процентов процентов процентов процентов процентов процентов процентов процентов процентов процентов процентов процентов процентов процентов процентов процентов процентов процентов процентов процентов процентов процентов процентов процентов процентов процентов процентов процентов процентов процентов процентов процентов процентов процентов процентов процентов процентов процентов процентов процентов процентов процентов процентов процентов процентов процентов процентов процентов процентов процентов процентов процентов процентов процентов процентов процентов процентов процентов процентов процентов процентов процентов процентов процентов процентов процентов процентов процентов процентов процентов процентов процентов процентов процентов процентов процентов процентов процентов процентов процентов процентов процентов процентов процентов процентов процентов процентов процентов процентов процентов процентов процентов процентов процентов процентов процентов процентов процентов процентов процентов процентов процентов процентов процентов процентов", "numeric_answer": null, "relative_error": null, "thinking_text": null, "has_tool_call": false, "tool_call": null, "usage": {"prompt_tokens": 141, "completion_tokens": 256, "total_tokens": 397, "token_count_source": "tokenizer"}, "decoding": {"temperature": 0.2, "top_p": null, "top_k": null, "max_tokens": 256, "seed": 42}, "prompt_tokens": 141, "completion_tokens": 256, "total_tokens": 397, "token_count_source": "tokenizer", "diffusion_steps": null, "flops_estimate": null, "flops_arch": null, "flops_model_params": null, "flops_active_params": null, "tokens_non_final": 255, "tokens_reasoning": 0, "tokens_response": 255, "elapsed_seconds": 19.58887004852295, "judgement": "Uncategorized"}
{"id": "taxes_000705", "topic": "taxes", "subtopic": "post_discount_tax", "prompt": "Cart: $40.98, $7.11, $42.94, $15.29 with a 10% store discount. Local sales tax is 8.0% (tax after discount). About how much is the total?", "exact_value": 103.34, "model": "tiiuae/Falcon-H1-7B-Instruct", "provider": "transformers", "response": "�альное решение согласно правилальным указанияальным путем путем подсчета суммы согласно заданным условияальным путем путем подсчета согласно заданным условияальным путем путем подсчета согласно заданным условияальным путем путем подсчета согласно заданным условияальным путем путем подсчета согласно заданным условияальным путем путем подсчета согласно заданным условияальным путем путем подсчета согласно заданным условияальным путем путем подсчета согласно заданным условияальным путем путем подсчета согласно заданным условияальным путем путем подсчета согласно задальным путем путем подсчета согласноальным путем путем подсчета согласноальным путем путем подсчета согласноальным путем путем подсчета согласноальным путем путем подсчета согласноальным путем путем подсчета согласноальным путем путем подсчета согласноальным путем путем подсчета согласноальным путем путем подсчета согласноальным путем путем подсчета согласноальным путем путем подсчета согласноальным путем путем подсчета согласноальным путем путем подсчета согласноальным путем путем подсчета согласноальным путем путем подсчета согласноальным путем путем подсчета согласноальным путем путем подсчета согласноальным путем путем подсчета согласноальным путем путем подсчета согласноальным путем путем подсчета согласноальным путем путем подсчета согласноальным путем", "numeric_answer": null, "relative_error": null, "thinking_text": null, "has_tool_call": false, "tool_call": null, "usage": {"prompt_tokens": 140, "completion_tokens": 256, "total_tokens": 396, "token_count_source": "tokenizer"}, "decoding": {"temperature": 0.2, "top_p": null, "top_k": null, "max_tokens": 256, "seed": 42}, "prompt_tokens": 140, "completion_tokens": 256, "total_tokens": 396, "token_count_source": "tokenizer", "diffusion_steps": null, "flops_estimate": null, "flops_arch": null, "flops_model_params": null, "flops_active_params": null, "tokens_non_final": 150, "tokens_reasoning": 0, "tokens_response": 150, "elapsed_seconds": 19.757181882858276, "judgement": "Uncategorized"}
{"id": "taxes_000725", "topic": "taxes", "subtopic": "post_discount_tax", "prompt": "Cart: $58.29, $57.54, $3.90, $13.77, $33.83 with a 15% store discount. Local sales tax is 7.0% (tax after discount). About how much is the total?", "exact_value": 152.19, "model": "tiiuae/Falcon-H1-7B-Instruct", "provider": "transformers", "response": "�альное решение согласно правилальным требованиямирует последовательные действия согласно следующему плануирования процентов процентов процентов процентов процентов процентов процентов процентов процентов процентов процентов процентов процентов процентов процентов процентов процентов процентов процентов процентов процентов процентов процентов процентов процентов процентов процентов процентов процентов процентов процентов процентов процентов процентов процентов процентов процентов процентов процентов процентов процентов процентов процентов процентов процентов процентов процентов процентов процентов процентов процентов процентов процентов процентов процентов процентов процентов процентов процентов процентов процентов процентов процентов процентов процентов процентов процентов процентов процентов процентов процентов процентов процентов процентов процентов процентов процентов процентов процентов процентов процентов процентов процентов процентов процентов процентов процентов процентов процентов процентов процентов процентов процентов процентов процентов процентов процентов процентов процентов процентов процентов процентов процентов процентов процентов процентов процентов процентов процентов процентов процентов процентов процентов процентов процентов процентов процентов процентов процентов процентов процентов процентов процентов процентов процентов процентов процентов процентов процентов процентов процентов процентов процентов процентов процентов процентов процентов процентов процентов процентов процентов процентов процентов процентов процентов процентов процентов процентов процентов процентов процентов процентов процентов процентов процентов процентов процентов процентов процентов процентов процентов процентов процентов процентов процентов процентов процентов процентов процентов процентов процентов процентов процентов процентов процентов процентов процентов процентов процентов процентов процентов процентов процентов процентов процентов процентов процентов процентов процентов процентов процентов процентов процентов процентов процентов процентов процентов процентов процентов процентов процентов процентов процентов процентов процентов процентов процентов процентов процентов процентов процентов процентов процентов процентов процентов процентов процентов процентов процентов процентов процентов процентов процентов процентов процентов процентов процентов процентов процентов процентов процентов процентов процентов процентов процентов процентов процентов процентов процентов", "numeric_answer": null, "relative_error": null, "thinking_text": null, "has_tool_call": false, "tool_call": null, "usage": {"prompt_tokens": 148, "completion_tokens": 256, "total_tokens": 404, "token_count_source": "tokenizer"}, "decoding": {"temperature": 0.2, "top_p": null, "top_k": null, "max_tokens": 256, "seed": 42}, "prompt_tokens": 148, "completion_tokens": 256, "total_tokens": 404, "token_count_source": "tokenizer", "diffusion_steps": null, "flops_estimate": null, "flops_arch": null, "flops_model_params": null, "flops_active_params": null, "tokens_non_final": 249, "tokens_reasoning": 0, "tokens_response": 249, "elapsed_seconds": 19.546021938323975, "judgement": "Uncategorized"}
{"id": "taxes_000745", "topic": "taxes", "subtopic": "post_discount_tax", "prompt": "Cart: $54.15, $17.05, $39.04, $11.06 with a 20% store discount. Local sales tax is 6.0% (tax after discount). About how much is the total?", "exact_value": 102.86, "model": "tiiuae/Falcon-H1-7B-Instruct", "provider": "transformers", "response": "�альное решение согласно заданию насколько точно могу согласно предоставленной информации насколько точно могу согласно предоставленной информации насколько точно могу согласно предоставленной информации насколько точно могу согласно предоставленнойации насколько точно могу согласно предоставленнойации насколько точно могу согласно предоставленнойации насколько точно могу согласно предоставленнойации насколько точно могу согласно предоставленнойации насколько точно могу согласно предоставленнойации насколько точно могу согласно предоставленнойации насколько точно могу согласно предоставленнойации насколько точно могу согласно предоставленнойации насколько точно могу согласно предоставленнойации насколько точно могу согласно предоставленнойации насколько точно могу согласно предоставленнойации насколько точно могу согласно предоставленнойации насколько точно могу согласно предоставленнойации насколько точно могу согласно предоставленнойации насколько точно могу согласно предоставленнойации насколько точно могу согласно предоставленнойации насколько точно могу согласно предоставленнойации насколько точно могу согласно предоставленнойации насколько точно могу согласно предоставленнойации насколько точно могу согласно предоставленнойации насколько точно могу согласно предоставленнойации насколько точно могу согласно предоставленнойации насколько точно могу согласно предоставленнойации насколько точно могу согласно предоставленнойации насколько точно могу согласно предоставленнойации насколько точно могу согласно предоставленнойации насколько точно могу согласно предоставленнойации насколько точно могу согласно предоставленнойации насколько точно могу согласно предоставленнойации насколько точно могу согласно предоставленнойации насколько точно могу согласно предоставленнойации насколько точно могу согласно предостав", "numeric_answer": null, "relative_error": null, "thinking_text": null, "has_tool_call": false, "tool_call": null, "usage": {"prompt_tokens": 141, "completion_tokens": 256, "total_tokens": 397, "token_count_source": "tokenizer"}, "decoding": {"temperature": 0.2, "top_p": null, "top_k": null, "max_tokens": 256, "seed": 42}, "prompt_tokens": 141, "completion_tokens": 256, "total_tokens": 397, "token_count_source": "tokenizer", "diffusion_steps": null, "flops_estimate": null, "flops_arch": null, "flops_model_params": null, "flops_active_params": null, "tokens_non_final": 187, "tokens_reasoning": 0, "tokens_response": 187, "elapsed_seconds": 19.746996879577637, "judgement": "Uncategorized"}
{"id": "taxes_000765", "topic": "taxes", "subtopic": "pre_discount_tax", "prompt": "Cart: $57.68, $16.68, $27.84, $52.23, $26.02 with a 15% store discount. Local sales tax is 6.0% (tax calculated before discount). About how much is the total?", "exact_value": 164.21, "model": "tiiuae/Falcon-H1-7B-Instruct", "provider": "transformers", "response": "�альное решение согласно заданию насколько точно насколько возможно согласно предоставленной информацииируемое значениеируемое значениеируемое значениеируемое значениеируемое значениеируемое значениеируемое значениеируемое значениеируемое значениеируемое значениеируемое значениеируемое значениеируемое значениеируемое значениеируемое значениеируемое значениеируемое значениеируемое значениеируемое значениеируемое значениеируемое значениеируемое значениеируемое значениеируемое значениеируемое значениеируемое значениеируемое значениеируемое значениеируемое значениеируемое значениеируемое значениеируемое значениеируемое значениеируемое значениеируемое значениеируемое значениеируемое значениеируемое значениеируемое значениеируемое значениеируемое значениеируемое значениеируемое значениеируемое значениеируемое значениеируемое значениеируемое значениеируемое значениеируемое значениеируемое значениеируемое значениеируемое значениеируемое значениеируемое значениеируемое значениеируемое значениеируемое значениеируемое значениеируемое значениеируемое значениеируемое значениеируемое значениеируемое значениеируемое значениеируемое значениеируемое значениеируемое значениеируемое значениеируемое значениеируемое значениеируемое значениеируемое значениеируемое значениеируемое значениеируемое значениеируемое значениеируемое значениеируемое значениеируемое значениеируемое значениеируемое", "numeric_answer": null, "relative_error": null, "thinking_text": null, "has_tool_call": false, "tool_call": null, "usage": {"prompt_tokens": 150, "completion_tokens": 256, "total_tokens": 406, "token_count_source": "tokenizer"}, "decoding": {"temperature": 0.2, "top_p": null, "top_k": null, "max_tokens": 256, "seed": 42}, "prompt_tokens": 150, "completion_tokens": 256, "total_tokens": 406, "token_count_source": "tokenizer", "diffusion_steps": null, "flops_estimate": null, "flops_arch": null, "flops_model_params": null, "flops_active_params": null, "tokens_non_final": 91, "tokens_reasoning": 0, "tokens_response": 91, "elapsed_seconds": 19.759262561798096, "judgement": "Uncategorized"}
{"id": "taxes_000785", "topic": "taxes", "subtopic": "post_discount_tax", "prompt": "Cart: $25.69, $31.24 with a 10% store discount. Local sales tax is 6.0% (tax after discount). About how much is the total?", "exact_value": 54.31, "model": "tiiuae/Falcon-H1-7B-Instruct", "provider": "transformers", "response": "�альное решение согласно правилальным указания kompensирует налог путем применения процентов насколько процентов насколько процентов насколько процентов насколько процентов насколько процентов насколько процентов насколько процентов насколько процентов насколько процентов насколько процентов насколько процентов насколько процентов насколько процентов насколько процентов насколько процентов насколько процентов насколько процентов насколько процентов насколько процентов насколько процентов насколько процентов насколько процентов насколько процентов насколько процентов насколько процентов насколько процентов насколько процентов насколько процентов насколько процентов насколько процентов насколько процентов насколько процентов насколько процентов насколько процентов насколько процентов насколько процентов насколько процентов насколько процентов насколько процентов насколько процентов насколько процентов насколько процентов насколько процентов насколько процентов насколько процентов насколько процентов насколько процентов насколько процентов насколько процентов насколько процентов насколько процентов насколько процентов насколько процентов насколько процентов насколько процентов насколько процентов насколько процентов насколько процентов насколько процентов насколько процентов насколько процентов насколько процентов насколько процентов насколько процентов насколько процентов насколько процентов насколько процентов насколько процентов насколько процентов насколько процентов насколько процентов насколько процентов насколько процентов насколько процентов насколько процентов насколько процентов насколько процентов насколько процентов насколько процентов насколько процентов насколько процентов насколько процентов насколько процентов насколько процентов насколько процентов насколько процентов насколько процентов насколько процентов насколько процентов насколько процентов насколько процентов насколько процентов насколько процентов насколько процентов насколько процентов насколько процентов насколько процентов насколько процентов насколько процентов насколько процентов насколько процентов насколько процентов насколько процентов насколько процентов насколько процентов насколько процентов насколько процентов насколько процентов насколько процентов насколько процентов насколько процентов насколько процентов насколько процентов насколько процентов насколько процентов насколько процентов насколько процентов насколько процентов насколько процентов насколько процентов насколько процентов", "numeric_answer": null, "relative_error": null, "thinking_text": null, "has_tool_call": false, "tool_call": null, "usage": {"prompt_tokens": 125, "completion_tokens": 256, "total_tokens": 381, "token_count_source": "tokenizer"}, "decoding": {"temperature": 0.2, "top_p": null, "top_k": null, "max_tokens": 256, "seed": 42}, "prompt_tokens": 125, "completion_tokens": 256, "total_tokens": 381, "token_count_source": "tokenizer", "diffusion_steps": null, "flops_estimate": null, "flops_arch": null, "flops_model_params": null, "flops_active_params": null, "tokens_non_final": 252, "tokens_reasoning": 0, "tokens_response": 252, "elapsed_seconds": 18.830373764038086, "judgement": "Uncategorized"}
{"id": "taxes_000805", "topic": "taxes", "subtopic": "post_discount_tax", "prompt": "Cart: $40.12, $28.74 with a 15% store discount. Local sales tax is 7.5% (tax after discount). About how much is the total?", "exact_value": 62.92, "model": "tiiuae/Falcon-H1-7B-Instruct", "provider": "transformers", "response": "�альное решение согласно правилальным указания kompensирует все налоговые и скидочные аспекты согласно условию задачиируемое значение насколько точно насколько возможно насколько возможно насколько точно насколько возможно насколько точно насколько возможно насколько точно насколько возможно насколько точно насколько возможно насколько точно насколько возможно насколько точно насколько возможно насколько точно насколько возможно насколько точно насколько возможно насколько точно насколько возможно насколько точно насколько возможно насколько точно насколько возможно насколько точно насколько возможно насколько точно насколько возможно насколько точно насколько возможно насколько точно насколько возможно насколько точно насколько возможно насколько точно насколько возможно насколько точно насколько возможно насколько точно насколько возможно насколько точно насколько возможно насколько точно насколько возможно насколько точно насколько возможно насколько точно насколько возможно насколько точно насколько возможно насколько точно насколько возможно насколько точно насколько возможно насколько точно насколько возможно насколько точно насколько возможно насколько точно насколько возможно насколько точно насколько возможно насколько точно насколько возможно насколько точно насколько возможно насколько точно насколько возможно насколько точно насколько возможно насколько точно насколько возможно насколько точно насколько возможно насколько точно насколько возможно насколько точно насколько возможно насколько точно насколько возможно насколько точно насколько возможно насколько точно насколько возможно насколько точно насколько возможно насколько точно насколько возможно насколько точно насколько возможно насколько точно насколько возможно насколько точно насколько возможно насколько точно насколько возможно насколько точно насколько возможно насколько точно насколько возможно насколько точно насколько возможно насколько точно насколько возможно насколько точно насколько возможно насколько точно насколько возможно насколько точно насколько возможно насколько точно насколько возможно насколько точно насколько", "numeric_answer": null, "relative_error": null, "thinking_text": null, "has_tool_call": false, "tool_call": null, "usage": {"prompt_tokens": 125, "completion_tokens": 256, "total_tokens": 381, "token_count_source": "tokenizer"}, "decoding": {"temperature": 0.2, "top_p": null, "top_k": null, "max_tokens": 256, "seed": 42}, "prompt_tokens": 125, "completion_tokens": 256, "total_tokens": 381, "token_count_source": "tokenizer", "diffusion_steps": null, "flops_estimate": null, "flops_arch": null, "flops_model_params": null, "flops_active_params": null, "tokens_non_final": 244, "tokens_reasoning": 0, "tokens_response": 244, "elapsed_seconds": 19.661283016204834, "judgement": "Uncategorized"}
{"id": "taxes_000825", "topic": "taxes", "subtopic": "pre_discount_tax", "prompt": "Cart: $42.07, $45.58, $4.03. Local sales tax is 8.5% (tax calculated before discount). About how much is the total?", "exact_value": 99.47, "model": "tiiuae/Falcon-H1-7B-Instruct", "provider": "transformers", "response": "�альное значение", "numeric_answer": null, "relative_error": null, "thinking_text": null, "has_tool_call": false, "tool_call": null, "usage": {"prompt_tokens": 125, "completion_tokens": 4, "total_tokens": 129, "token_count_source": "tokenizer"}, "decoding": {"temperature": 0.2, "top_p": null, "top_k": null, "max_tokens": 256, "seed": 42}, "prompt_tokens": 125, "completion_tokens": 4, "total_tokens": 129, "token_count_source": "tokenizer", "diffusion_steps": null, "flops_estimate": null, "flops_arch": null, "flops_model_params": null, "flops_active_params": null, "tokens_non_final": 2, "tokens_reasoning": 0, "tokens_response": 2, "elapsed_seconds": 0.32015156745910645, "judgement": "Uncategorized"}
{"id": "taxes_000845", "topic": "taxes", "subtopic": "post_discount_tax", "prompt": "Cart: $15.87, $9.20, $33.08, $43.65, $38.88 with a 20% store discount. Local sales tax is 6.0% (tax after discount). About how much is the total?", "exact_value": 119.3, "model": "tiiuae/Falcon-H1-7B-Instruct", "provider": "transformers", "response": "�альное решение согласно правилальным требованиямирует последовательные действия согласно приведенным условиям насколько точно могу согласно предоставленной информации насколько точно могу согласно предоставленной информации насколько точно могу согласно предоставленнойации насколько точно могу согласно предоставленнойации насколько точно могу согласно предоставленнойации насколько точно могу согласно предоставленнойации насколько точно могу согласно предоставленнойации насколько точно могу согласно предоставленнойации насколько точно могу согласно предоставленнойации насколько точно могу согласно предоставленнойации насколько точно могу согласно предоставленнойации насколько точно могу согласно предоставленнойации насколько точно могу согласно предоставленнойации насколько точно могу согласно предоставленнойации насколько точно могу согласно предоставленнойации насколько точно могу согласно предоставленнойации насколько точно могу согласно предоставленнойации насколько точно могу согласно предоставленнойации насколько точно могу согласно предоставленнойации насколько точно могу согласно предоставленнойации насколько точно могу согласно предоставленнойации насколько точно могу согласно предоставленнойации насколько точно могу согласно предоставленнойации насколько точно могу согласно предоставленнойации насколько точно могу согласно предоставленнойации насколько точно могу согласно предоставленнойации насколько точно могу согласно предоставленнойации насколько точно могу согласно предоставленнойации насколько точно могу согласно предоставленнойации насколько точно могу согласно предоставленнойации насколько точно могу согласно предоставленнойации насколько точно могу согласно предоставленнойации насколько точно могу согласно предоставленнойации насколько точно могу согласно предоставленнойации насколько точно", "numeric_answer": null, "relative_error": null, "thinking_text": null, "has_tool_call": false, "tool_call": null, "usage": {"prompt_tokens": 148, "completion_tokens": 256, "total_tokens": 404, "token_count_source": "tokenizer"}, "decoding": {"temperature": 0.2, "top_p": null, "top_k": null, "max_tokens": 256, "seed": 42}, "prompt_tokens": 148, "completion_tokens": 256, "total_tokens": 404, "token_count_source": "tokenizer", "diffusion_steps": null, "flops_estimate": null, "flops_arch": null, "flops_model_params": null, "flops_active_params": null, "tokens_non_final": 184, "tokens_reasoning": 0, "tokens_response": 184, "elapsed_seconds": 18.72931170463562, "judgement": "Uncategorized"}
{"id": "taxes_000865", "topic": "taxes", "subtopic": "post_discount_tax", "prompt": "Cart: $58.64, $45.63, $26.84 with a 20% store discount. Local sales tax is 7.5% (tax after discount). About how much is the total?", "exact_value": 112.75, "model": "tiiuae/Falcon-H1-7B-Instruct", "provider": "transformers", "response": "�альное решение согласно заданию насколько точно могу согласно процентов процентов процентов процентов процентов процентов процентов процентов процентов процентов процентов процентов процентов процентов процентов процентов процентов процентов процентов процентов процентов процентов процентов процентов процентов процентов процентов процентов процентов процентов процентов процентов процентов процентов процентов процентов процентов процентов процентов процентов процентов процентов процентов процентов процентов процентов процентов процентов процентов процентов процентов процентов процентов процентов процентов процентов процентов процентов процентов процентов процентов процентов процентов процентов процентов процентов процентов процентов процентов процентов процентов процентов процентов процентов процентов процентов процентов процентов процентов процентов процентов процентов процентов процентов процентов процентов процентов процентов процентов процентов процентов процентов процентов процентов процентов процентов процентов процентов процентов процентов процентов процентов процентов процентов процентов процентов процентов процентов процентов процентов процентов процентов процентов процентов процентов процентов процентов процентов процентов процентов процентов процентов процентов процентов процентов процентов процентов процентов процентов процентов процентов процентов процентов процентов процентов процентов процентов процентов процентов процентов процентов процентов процентов процентов процентов процентов процентов процентов процентов процентов процентов процентов процентов процентов процентов процентов процентов процентов процентов процентов процентов процентов процентов процентов процентов процентов процентов процентов процентов процентов процентов процентов процентов процентов процентов процентов процентов процентов процентов процентов процентов процентов процентов процентов процентов процентов процентов процентов процентов процентов процентов процентов процентов процентов процентов процентов процентов процентов процентов процентов процентов процентов процентов процентов процентов процентов процентов процентов процентов процентов процентов процентов процентов процентов процентов процентов процентов процентов процентов процентов процентов процентов процентов процентов процентов процентов процентов процентов процентов процентов процентов процентов процентов процентов процентов процентов процентов процентов процентов процентов процентов процентов процентов процентов процентов процентов", "numeric_answer": null, "relative_error": null, "thinking_text": null, "has_tool_call": false, "tool_call": null, "usage": {"prompt_tokens": 133, "completion_tokens": 256, "total_tokens": 389, "token_count_source": "tokenizer"}, "decoding": {"temperature": 0.2, "top_p": null, "top_k": null, "max_tokens": 256, "seed": 42}, "prompt_tokens": 133, "completion_tokens": 256, "total_tokens": 389, "token_count_source": "tokenizer", "diffusion_steps": null, "flops_estimate": null, "flops_arch": null, "flops_model_params": null, "flops_active_params": null, "tokens_non_final": 254, "tokens_reasoning": 0, "tokens_response": 254, "elapsed_seconds": 19.779590129852295, "judgement": "Uncategorized"}
{"id": "taxes_000885", "topic": "taxes", "subtopic": "post_discount_tax", "prompt": "Cart: $14.40, $32.79, $9.47, $52.98, $5.25 with a 15% store discount. Local sales tax is 7.0% (tax after discount). About how much is the total?", "exact_value": 104.49, "model": "tiiuae/Falcon-H1-7B-Instruct", "provider": "transformers", "response": "�альное решение согласно условия kompensирует дисконт согласно правил kompensирует дисконт согласно правил kompensирует дисконт согласно правил kompensирует дисконт согласно правил kompensирует дисконт согласно правил kompensирует дисконт согласно правил kompensирует дисконт согласно правил kompensирует дисконт согласно правил kompensирует дисконт согласно правил kompensирует дисконт согласно правил kompensирует дисконт согласно правил kompensирует дисконт согласно правил kompensирует дисконт согласно правил kompensирует дисконт согласно правил kompensирует kompensирует kompensирует kompensирует kompensирует kompensирует kompensирует kompensирует kompensирует kompensирует kompensирует kompensирует kompensирует kompensирует kompensирует kompensирует kompensирует kompensирует kompensирует kompensирует kompensирует kompensирует kompensирует kompensирует kompensирует kompensирует kompensирует kompensирует kompensирует kompensирует kompensирует kompensирует kompensирует kompensирует kompensирует kompensирует kompensирует kompensирует kompensирует kompensирует kompensирует kompensирует kompensирует kompensирует kompensирует kompensирует kompensирует kompensирует kompensирует kompensирует kompensирует kompensирует kompensирует kompensирует kompensирует kompensирует kompensирует kompensирует kompensирует kompensирует kompensирует kompensирует kompensирует kompensирует kompensирует kompensирует kompensирует kompensирует kompensирует kompensирует kompensирует kompensирует kompensирует kompensирует kompensирует kompensирует kompensирует kompensирует kompensирует kompensирует kompensирует kompensирует kompensирует kompens", "numeric_answer": null, "relative_error": null, "thinking_text": null, "has_tool_call": false, "tool_call": null, "usage": {"prompt_tokens": 147, "completion_tokens": 256, "total_tokens": 403, "token_count_source": "tokenizer"}, "decoding": {"temperature": 0.2, "top_p": null, "top_k": null, "max_tokens": 256, "seed": 42}, "prompt_tokens": 147, "completion_tokens": 256, "total_tokens": 403, "token_count_source": "tokenizer", "diffusion_steps": null, "flops_estimate": null, "flops_arch": null, "flops_model_params": null, "flops_active_params": null, "tokens_non_final": 144, "tokens_reasoning": 0, "tokens_response": 144, "elapsed_seconds": 19.276325464248657, "judgement": "Uncategorized"}
{"id": "taxes_000905", "topic": "taxes", "subtopic": "pre_discount_tax", "prompt": "Cart: $17.90, $48.48, $26.49, $5.89. Local sales tax is 8.5% (tax calculated before discount). About how much is the total?", "exact_value": 107.15, "model": "tiiuae/Falcon-H1-7B-Instruct", "provider": "transformers", "response": "�альное значение", "numeric_answer": null, "relative_error": null, "thinking_text": null, "has_tool_call": false, "tool_call": null, "usage": {"prompt_tokens": 133, "completion_tokens": 4, "total_tokens": 137, "token_count_source": "tokenizer"}, "decoding": {"temperature": 0.2, "top_p": null, "top_k": null, "max_tokens": 256, "seed": 42}, "prompt_tokens": 133, "completion_tokens": 4, "total_tokens": 137, "token_count_source": "tokenizer", "diffusion_steps": null, "flops_estimate": null, "flops_arch": null, "flops_model_params": null, "flops_active_params": null, "tokens_non_final": 2, "tokens_reasoning": 0, "tokens_response": 2, "elapsed_seconds": 0.3636817932128906, "judgement": "Uncategorized"}
{"id": "taxes_000925", "topic": "taxes", "subtopic": "post_discount_tax", "prompt": "Cart: $22.10, $57.77 with a 10% store discount. Local sales tax is 8.5% (tax after discount). About how much is the total?", "exact_value": 77.99, "model": "tiiuae/Falcon-H1-7B-Instruct", "provider": "transformers", "response": "�альное решение согласно правилальным инальным ответом согласно правилальным инальным ответом согласно правилальным инальным ответом согласно правилальным инальным ответом согласно правилальным инальным ответом согласно правилальным инальным ответом согласно правилальным инальным ответом согласно правилальным инальным ответом согласно правилальным инальным ответом согласно правилальным инальным ответом согласно правилальным инальным ответом согласно правилальным инальным ответом согласно правилальным инальным ответом согласно правилальным инальным ответом согласно правилальным инальным ответом согласно правилальным инальным ответом согласно правилальным инальным ответом согласно правилальным инальным ответом согласно правилальным инальным ответом согласно правилальным инальным ответом согласно правилальным инальным ответом согласно правилальным инальным ответом согласно правилальным инальным ответом согласно правилальным инальным ответом согласно правилальным инальным ответом согласно правилальным инальным ответом согласно правилальным инальным ответом согласно правилальным инальным ответом согласно правилальным инальным ответом согласно правилальным инальным ответом согласно правилальным инальным ответом согласно правилальным инальным ответом согласно правилальным инальным ответом согласно правилальным инальным ответом согласно правилальным инальным ответом согласно правилальным инальным ответом согласно", "numeric_answer": null, "relative_error": null, "thinking_text": null, "has_tool_call": false, "tool_call": null, "usage": {"prompt_tokens": 125, "completion_tokens": 256, "total_tokens": 381, "token_count_source": "tokenizer"}, "decoding": {"temperature": 0.2, "top_p": null, "top_k": null, "max_tokens": 256, "seed": 42}, "prompt_tokens": 125, "completion_tokens": 256, "total_tokens": 381, "token_count_source": "tokenizer", "diffusion_steps": null, "flops_estimate": null, "flops_arch": null, "flops_model_params": null, "flops_active_params": null, "tokens_non_final": 147, "tokens_reasoning": 0, "tokens_response": 147, "elapsed_seconds": 19.019795179367065, "judgement": "Uncategorized"}
{"id": "taxes_000945", "topic": "taxes", "subtopic": "post_discount_tax", "prompt": "Cart: $23.57, $36.87, $52.49, $25.07 with a 15% store discount. Local sales tax is 7.5% (tax after discount). About how much is the total?", "exact_value": 126.1, "model": "tiiuae/Falcon-H1-7B-Instruct", "provider": "transformers", "response": "�альное решение согласно правилальным указанияальным путем путем последовательного применения скидокальными расчетальными путем путем последовательного применения скидокальными расчетальными путем путем последовательного применения процентовальными путем путем последовательного применения процентовальными путем путем последовательного применения процентовальными путем путем последовательного применения процентовальными путем путем последовательного применения процентовальными путем путем последовательного применения процентовальными путем путем последовательного применения процентовальными путем путем последовательного применения процентовальными путем путем последовательного применения процентовальными путем путем последовательного применения процентовальными путем путем последовательного применения процентовальными путем путем последовательного применения процентовальными путем путем последовательного применения процентовальными путем путем последовательного применения процентовальными путем путем последовательного применения процентовальными путем путем последовательного применения процентовальными путем путем последовательного применения процентовальными путем путем последовательного применения процентовальными путем путем последовательного применения процентовальными путем путем последовательного применения процентовальными путем путем последовательного применения процентовальными путем путем последовательного применения процентовальными путем путем последовательного применения процентовальными путем путем последовательного применения процентовальными путем путем последовательного применения процентовальными путем путем последовательного применения процентовальными путем путем последовательного применения процентовальными путем путем последовательного применения процентовальными путем путем последовательного применения процентовальными путем путем последовательного применения процентовальными путем путем последовательного применения процентовальными путем путем последовательного применения процентовальными путем", "numeric_answer": null, "relative_error": null, "thinking_text": null, "has_tool_call": false, "tool_call": null, "usage": {"prompt_tokens": 141, "completion_tokens": 256, "total_tokens": 397, "token_count_source": "tokenizer"}, "decoding": {"temperature": 0.2, "top_p": null, "top_k": null, "max_tokens": 256, "seed": 42}, "prompt_tokens": 141, "completion_tokens": 256, "total_tokens": 397, "token_count_source": "tokenizer", "diffusion_steps": null, "flops_estimate": null, "flops_arch": null, "flops_model_params": null, "flops_active_params": null, "tokens_non_final": 178, "tokens_reasoning": 0, "tokens_response": 178, "elapsed_seconds": 19.550188779830933, "judgement": "Uncategorized"}
{"id": "taxes_000965", "topic": "taxes", "subtopic": "post_discount_tax", "prompt": "Cart: $29.91, $42.03, $30.26 with a 15% store discount. Local sales tax is 6.0% (tax after discount). About how much is the total?", "exact_value": 92.08, "model": "tiiuae/Falcon-H1-7B-Instruct", "provider": "transformers", "response": "�альное значение", "numeric_answer": null, "relative_error": null, "thinking_text": null, "has_tool_call": false, "tool_call": null, "usage": {"prompt_tokens": 133, "completion_tokens": 4, "total_tokens": 137, "token_count_source": "tokenizer"}, "decoding": {"temperature": 0.2, "top_p": null, "top_k": null, "max_tokens": 256, "seed": 42}, "prompt_tokens": 133, "completion_tokens": 4, "total_tokens": 137, "token_count_source": "tokenizer", "diffusion_steps": null, "flops_estimate": null, "flops_arch": null, "flops_model_params": null, "flops_active_params": null, "tokens_non_final": 2, "tokens_reasoning": 0, "tokens_response": 2, "elapsed_seconds": 0.35155749320983887, "judgement": "Uncategorized"}
{"id": "taxes_000985", "topic": "taxes", "subtopic": "post_discount_tax", "prompt": "Cart: $14.82, $23.08, $24.88, $58.19, $52.19 with a 15% store discount. Local sales tax is 8.5% (tax after discount). About how much is the total?", "exact_value": 159.7, "model": "tiiuae/Falcon-H1-7B-Instruct", "provider": "transformers", "response": "�альное решение согласно правилальным указания насколько точно насколько возможно согласно предоставленной информацииируя насколько точно насколько возможно согласно предоставированной информацииируя насколько точно насколько возможно согласно предоставленной информацииируя насколько точно насколько возможно согласно предоставленной информацииируя насколько точно насколько возможно согласно предоставленнойации насколько точно насколько возможно согласно предоставированнойации насколько точно насколько возможно согласно предоставированнойации насколько точно насколько возможно согласно предоставированнойации насколько точно насколько возможно согласно предоставированнойации насколько точно насколько возможно согласно предоставированнойации насколько точно насколько возможно согласно предоставированнойации насколько точно насколько возможно согласно предоставированнойации насколько точно насколько возможно согласно предоставированнойации насколько точно насколько возможно согласно предоставированнойации насколько точно насколько возможно согласно предоставированнойации насколько точно насколько возможно согласно предоставированнойации насколько точно насколько возможно согласно предоставированнойации насколько точно насколько возможно согласно предоставированнойации насколько точно насколько возможно согласно предоставированнойации насколько точно насколько возможно согласно предоставированнойации насколько точно насколько возможно согласно предоставированнойации насколько точно насколько возможно согласно предоставированнойации насколько точно насколько возможно согласно предоставированнойации насколько точно насколько возможно согласно предоставированнойации насколько точно насколько возможно согласно предоставированнойации насколько точно насколько возможно согласно предоставированнойации насколько точно насколько возможно согласно предоставированнойации насколько точно насколько возможно согласно предоставированнойации насколько точно насколько возможно согласно предоставированнойации насколько точно насколько возможно согласно предоставированнойации насколько точно насколько возможно", "numeric_answer": null, "relative_error": null, "thinking_text": null, "has_tool_call": false, "tool_call": null, "usage": {"prompt_tokens": 149, "completion_tokens": 256, "total_tokens": 405, "token_count_source": "tokenizer"}, "decoding": {"temperature": 0.2, "top_p": null, "top_k": null, "max_tokens": 256, "seed": 42}, "prompt_tokens": 149, "completion_tokens": 256, "total_tokens": 405, "token_count_source": "tokenizer", "diffusion_steps": null, "flops_estimate": null, "flops_arch": null, "flops_model_params": null, "flops_active_params": null, "tokens_non_final": 193, "tokens_reasoning": 0, "tokens_response": 193, "elapsed_seconds": 18.89689040184021, "judgement": "Uncategorized"}
{"id": "taxes_001005", "topic": "taxes", "subtopic": "post_discount_tax", "prompt": "Cart: $35.46, $30.01, $32.78, $59.76, $52.25 with a 20% store discount. Local sales tax is 6.0% (tax after discount). About how much is the total?", "exact_value": 178.3, "model": "tiiuae/Falcon-H1-7B-Instruct", "provider": "transformers", "response": "�альное решение согласно правилальным указаниямируетаются путем последовательного применения процентов согласно описанию задачи насколько точно могу согласно предоставленной информации насколько точно могу согласно предоставленнойации насколько точно могу согласно предоставированнойации насколько точно могу согласно предоставленнойации насколько точно могу согласно предоставленнойации насколько точно могу согласно предоставленнойации насколько точно могу согласно предоставленнойации насколько точно могу согласно предоставированнойации насколько точно могу согласно предоставленнойации насколько точно могу согласно предоставленнойации насколько точно могу согласно предоставленнойации насколько точно могу согласно предоставленнойации насколько точно могу согласно предоставированнойации насколько точно могу согласно предоставленнойации насколько точно могу согласно предоставленнойации насколько точно могу согласно предоставленнойации насколько точно могу согласно предоставированнойации насколько точно могу согласно предоставленнойации насколько точно могу согласно предоставленнойации насколько точно могу согласно предоставленнойации насколько точно могу согласно предоставированнойации насколько точно могу согласно предоставленнойации насколько точно могу согласно предоставленнойации насколько точно могу согласно предоставленнойации насколько точно могу согласно предоставированнойации насколько точно могу согласно предоставленнойации насколько точно могу согласно предоставированнойации насколько точно могу согласно предоставированнойации насколько точно могу согласно предоставированнойации насколько точно могу согласно предоставированнойации насколько точно могу согласно предоставированнойации насколько точно могу согласно предоставированнойации насколько точно могу согласно предоставированнойации насколько точно могу согласно предостав", "numeric_answer": null, "relative_error": null, "thinking_text": null, "has_tool_call": false, "tool_call": null, "usage": {"prompt_tokens": 149, "completion_tokens": 256, "total_tokens": 405, "token_count_source": "tokenizer"}, "decoding": {"temperature": 0.2, "top_p": null, "top_k": null, "max_tokens": 256, "seed": 42}, "prompt_tokens": 149, "completion_tokens": 256, "total_tokens": 405, "token_count_source": "tokenizer", "diffusion_steps": null, "flops_estimate": null, "flops_arch": null, "flops_model_params": null, "flops_active_params": null, "tokens_non_final": 183, "tokens_reasoning": 0, "tokens_response": 183, "elapsed_seconds": 18.73313879966736, "judgement": "Uncategorized"}
{"id": "taxes_001025", "topic": "taxes", "subtopic": "post_discount_tax", "prompt": "Cart: $48.98, $51.04, $48.93, $42.06 with a 10% store discount. Local sales tax is 7.0% (tax after discount). About how much is the total?", "exact_value": 183.94, "model": "tiiuae/Falcon-H1-7B-Instruct", "provider": "transformers", "response": "�альное решение согласно условия kompensирует дисконт согласно процентов процентов процентов процентов процентов процентов процентов процентов процентов процентов процентов процентов процентов процентов процентов процентов процентов процентов процентов процентов процентов процентов процентов процентов процентов процентов процентов процентов процентов процентов процентов процентов процентов процентов процентов процентов процентов процентов процентов процентов процентов процентов процентов процентов процентов процентов процентов процентов процентов процентов процентов процентов процентов процентов процентов процентов процентов процентов процентов процентов процентов процентов процентов процентов процентов процентов процентов процентов процентов процентов процентов процентов процентов процентов процентов процентов процентов процентов процентов процентов процентов процентов процентов процентов процентов процентов процентов процентов процентов процентов процентов процентов процентов процентов процентов процентов процентов процентов процентов процентов процентов процентов процентов процентов процентов процентов процентов процентов процентов процентов процентов процентов процентов процентов процентов процентов процентов процентов процентов процентов процентов процентов процентов процентов процентов процентов процентов процентов процентов процентов процентов процентов процентов процентов процентов процентов процентов процентов процентов процентов процентов процентов процентов процентов процентов процентов процентов процентов процентов процентов процентов процентов процентов процентов процентов процентов процентов процентов процентов процентов процентов процентов процентов процентов процентов процентов процентов процентов процентов процентов процентов процентов процентов процентов процентов процентов процентов процентов процентов процентов процентов процентов процентов процентов процентов процентов процентов процентов процентов процентов процентов процентов процентов процентов процентов процентов процентов процентов процентов процентов процентов процентов процентов процентов процентов процентов процентов процентов процентов процентов процентов процентов процентов процентов процентов процентов процентов процентов процентов процентов процентов процентов процентов процентов процентов процентов процентов процентов процентов процентов процентов процентов процентов процентов процентов процентов процентов процентов процентов процентов процентов процентов процентов процентов процентов процентов", "numeric_answer": null, "relative_error": null, "thinking_text": null, "has_tool_call": false, "tool_call": null, "usage": {"prompt_tokens": 141, "completion_tokens": 256, "total_tokens": 397, "token_count_source": "tokenizer"}, "decoding": {"temperature": 0.2, "top_p": null, "top_k": null, "max_tokens": 256, "seed": 42}, "prompt_tokens": 141, "completion_tokens": 256, "total_tokens": 397, "token_count_source": "tokenizer", "diffusion_steps": null, "flops_estimate": null, "flops_arch": null, "flops_model_params": null, "flops_active_params": null, "tokens_non_final": 253, "tokens_reasoning": 0, "tokens_response": 253, "elapsed_seconds": 19.664475440979004, "judgement": "Uncategorized"}
{"id": "taxes_001045", "topic": "taxes", "subtopic": "pre_discount_tax", "prompt": "Cart: $7.00, $19.59, $22.19, $24.07, $59.04 with a 15% store discount. Local sales tax is 8.5% (tax calculated before discount). About how much is the total?", "exact_value": 123.32, "model": "tiiuae/Falcon-H1-7B-Instruct", "provider": "transformers", "response": "�альное значение", "numeric_answer": null, "relative_error": null, "thinking_text": null, "has_tool_call": false, "tool_call": null, "usage": {"prompt_tokens": 149, "completion_tokens": 4, "total_tokens": 153, "token_count_source": "tokenizer"}, "decoding": {"temperature": 0.2, "top_p": null, "top_k": null, "max_tokens": 256, "seed": 42}, "prompt_tokens": 149, "completion_tokens": 4, "total_tokens": 153, "token_count_source": "tokenizer", "diffusion_steps": null, "flops_estimate": null, "flops_arch": null, "flops_model_params": null, "flops_active_params": null, "tokens_non_final": 2, "tokens_reasoning": 0, "tokens_response": 2, "elapsed_seconds": 0.3285343647003174, "judgement": "Uncategorized"}
{"id": "taxes_001065", "topic": "taxes", "subtopic": "post_discount_tax", "prompt": "Cart: $30.65, $11.90, $49.60, $20.83 with a 15% store discount. Local sales tax is 6.0% (tax after discount). About how much is the total?", "exact_value": 101.79, "model": "tiiuae/Falcon-H1-7B-Instruct", "provider": "transformers", "response": "�альное решение согласно условия kompensирует налоговые вычеты путем применения налога после скидации процентов согласно правилации процентов согласно условию задачиируемого процесса kompensирует налоговые kompensирует kompensирует kompensирует kompensирует kompensирует kompensирует kompensирует kompensирует kompensирует kompensирует kompensирует kompensирует kompensирует kompensирует kompensирует kompensирует kompensирует kompensирует kompensирует kompensирует kompensирует kompensирует kompensирует kompensирует kompensирует kompensирует kompensирует kompensирует kompensирует kompensирует kompensирует kompensирует kompensирует kompensирует kompensирует kompensирует kompensирует kompensирует kompensирует kompensирует kompensирует kompensирует kompensирует kompensирует kompensирует kompensирует kompensирует kompensирует kompensирует kompensирует kompensирует kompensирует kompensирует kompensирует kompensирует kompensирует kompensирует kompensирует kompensирует kompensирует kompensирует kompensирует kompensирует kompensирует kompensирует kompensирует kompensирует kompensирует kompensирует kompensирует kompensирует kompensирует kompensирует kompensирует kompensирует kompensирует kompensирует kompensирует kompensирует kompensирует kompensирует kompensирует kompensирует kompensирует kompensирует kompensирует kompensирует kompensирует kompensирует kompensирует kompensирует kompensирует kompensирует kompensирует kompensирует kompensирует kompensирует kompensирует kompensирует kompensирует kompensирует kompensирует kompensирует kompensирует kompensирует kompensирует kompensирует kompensирует kompensирует kompensирует", "numeric_answer": null, "relative_error": null, "thinking_text": null, "has_tool_call": false, "tool_call": null, "usage": {"prompt_tokens": 141, "completion_tokens": 256, "total_tokens": 397, "token_count_source": "tokenizer"}, "decoding": {"temperature": 0.2, "top_p": null, "top_k": null, "max_tokens": 256, "seed": 42}, "prompt_tokens": 141, "completion_tokens": 256, "total_tokens": 397, "token_count_source": "tokenizer", "diffusion_steps": null, "flops_estimate": null, "flops_arch": null, "flops_model_params": null, "flops_active_params": null, "tokens_non_final": 132, "tokens_reasoning": 0, "tokens_response": 132, "elapsed_seconds": 19.016289234161377, "judgement": "Uncategorized"}
{"id": "taxes_001085", "topic": "taxes", "subtopic": "pre_discount_tax", "prompt": "Cart: $51.75, $41.44, $42.58 with a 15% store discount. Local sales tax is 6.0% (tax calculated before discount). About how much is the total?", "exact_value": 123.55, "model": "tiiuae/Falcon-H1-7B-Instruct", "provider": "transformers", "response": "�альное решение согласно условия kompensирует налог до применения скидации насколько процентов процентов насколько процентов процентов насколько процентов процентов насколько процентов процентов насколько процентов процентов насколько процентов процентов насколько процентов процентов насколько процентов процентов насколько процентов процентов насколько процентов процентов насколько процентов процентов насколько процентов процентов насколько процентов процентов насколько процентов процентов насколько процентов процентов насколько процентов процентов насколько процентов процентов насколько процентов процентов насколько процентов процентов насколько процентов процентов насколько процентов процентов насколько процентов процентов насколько процентов процентов насколько процентов процентов насколько процентов процентов насколько процентов процентов насколько процентов процентов насколько процентов процентов насколько процентов процентов насколько процентов процентов насколько процентов процентов насколько процентов процентов насколько процентов процентов насколько процентов процентов насколько процентов процентов насколько процентов процентов насколько процентов процентов насколько процентов процентов насколько процентов процентов насколько процентов процентов насколько процентов процентов насколько процентов процентов насколько процентов процентов насколько процентов процентов насколько процентов процентов насколько процентов процентов насколько процентов процентов насколько процентов процентов насколько процентов процентов насколько процентов процентов насколько процентов процентов насколько процентов процентов насколько процентов процентов насколько процентов процентов насколько процентов процентов насколько процентов процентов насколько процентов процентов насколько процентов процентов насколько процентов процентов насколько процентов процентов насколько процентов процентов насколько процентов процентов насколько процентов процентов насколько процентов процентов насколько процентов процентов насколько процентов процентов насколько процентов процентов насколько процентов процентов насколько процентов процентов насколько процентов процентов насколько процентов процентов насколько процентов процентов насколько процентов процентов насколько процентов процентов насколько процентов процентов насколько процентов процентов насколько процентов процентов насколько процентов процентов насколько процентов процентов насколько процентов процентов насколько процентов процентов", "numeric_answer": null, "relative_error": null, "thinking_text": null, "has_tool_call": false, "tool_call": null, "usage": {"prompt_tokens": 134, "completion_tokens": 256, "total_tokens": 390, "token_count_source": "tokenizer"}, "decoding": {"temperature": 0.2, "top_p": null, "top_k": null, "max_tokens": 256, "seed": 42}, "prompt_tokens": 134, "completion_tokens": 256, "total_tokens": 390, "token_count_source": "tokenizer", "diffusion_steps": null, "flops_estimate": null, "flops_arch": null, "flops_model_params": null, "flops_active_params": null, "tokens_non_final": 252, "tokens_reasoning": 0, "tokens_response": 252, "elapsed_seconds": 19.07758092880249, "judgement": "Uncategorized"}
{"id": "taxes_001105", "topic": "taxes", "subtopic": "post_discount_tax", "prompt": "Cart: $35.89, $11.55 with a 15% store discount. Local sales tax is 6.0% (tax after discount). About how much is the total?", "exact_value": 42.74, "model": "tiiuae/Falcon-H1-7B-Instruct", "provider": "transformers", "response": "�альное решение согласно правилальным указания kompensирует налоговые скидированные суммы согласно правилальным указания kompensирует налоговые kompensирует налоговые kompensирует kompensирует kompensирует kompensирует kompensирует kompensирует kompensирует kompensирует kompensирует kompensирует kompensирует kompensирует kompensирует kompensирует kompensирует kompensирует kompensирует kompensирует kompensирует kompensирует kompensирует kompensирует kompensирует kompensирует kompensирует kompensирует kompensирует kompensирует kompensирует kompensирует kompensирует kompensирует kompensирует kompensирует kompensирует kompensирует kompensирует kompensирует kompensирует kompensирует kompensирует kompensирует kompensирует kompensирует kompensирует kompensирует kompensирует kompensирует kompensирует kompensирует kompensирует kompensирует kompensирует kompensирует kompensирует kompensирует kompensирует kompensирует kompensирует kompensирует kompensирует kompensирует kompensирует kompensирует kompensирует kompensирует kompensирует kompensирует kompensирует kompensирует kompensирует kompensирует kompensирует kompensирует kompensирует kompensирует kompensирует kompensирует kompensирует kompensирует kompensирует kompensирует kompensирует kompensирует kompensирует kompensирует kompensирует kompensирует kompensирует kompensирует kompensирует kompensирует kompensирует kompensирует kompensирует kompensирует kompensирует kompensирует kompensирует kompensирует kompensирует kompensирует kompensирует kompensирует kompensирует kompensирует kompensирует kompensирует kompensирует kompensирует kompensирует kompensирует kompensирует", "numeric_answer": null, "relative_error": null, "thinking_text": null, "has_tool_call": false, "tool_call": null, "usage": {"prompt_tokens": 125, "completion_tokens": 256, "total_tokens": 381, "token_count_source": "tokenizer"}, "decoding": {"temperature": 0.2, "top_p": null, "top_k": null, "max_tokens": 256, "seed": 42}, "prompt_tokens": 125, "completion_tokens": 256, "total_tokens": 381, "token_count_source": "tokenizer", "diffusion_steps": null, "flops_estimate": null, "flops_arch": null, "flops_model_params": null, "flops_active_params": null, "tokens_non_final": 129, "tokens_reasoning": 0, "tokens_response": 129, "elapsed_seconds": 18.89583969116211, "judgement": "Uncategorized"}
{"id": "taxes_001125", "topic": "taxes", "subtopic": "post_discount_tax", "prompt": "Cart: $33.29, $22.97, $51.18 with a 20% store discount. Local sales tax is 8.5% (tax after discount). About how much is the total?", "exact_value": 93.26, "model": "tiiuae/Falcon-H1-7B-Instruct", "provider": "transformers", "response": "�альное решение согласно условия kompensирует дисконт согласно процентов насколько насколько насколько насколько насколько насколько насколько насколько насколько насколько насколько насколько насколько насколько насколько насколько насколько насколько насколько насколько насколько насколько насколько насколько насколько насколько насколько насколько насколько насколько насколько насколько насколько насколько насколько насколько насколько насколько насколько насколько насколько насколько насколько насколько насколько насколько насколько насколько насколько насколько насколько насколько насколько насколько насколько насколько насколько насколько насколько насколько насколько насколько насколько насколько насколько насколько насколько насколько насколько насколько насколько насколько насколько насколько насколько насколько насколько насколько насколько насколько насколько насколько насколько насколько насколько насколько насколько насколько насколько насколько насколько насколько насколько насколько насколько насколько насколько насколько насколько насколько насколько насколько насколько насколько насколько насколько насколько насколько насколько насколько насколько насколько насколько насколько насколько насколько насколько насколько насколько насколько насколько насколько насколько насколько насколько насколько насколько насколько насколько насколько насколько насколько насколько насколько насколько насколько насколько насколько насколько насколько насколько насколько насколько насколько насколько насколько насколько насколько насколько насколько насколько насколько насколько насколько насколько насколько насколько насколько насколько насколько насколько насколько насколько насколько насколько насколько насколько насколько насколько насколько насколько насколько насколько насколько насколько насколько насколько насколько насколько насколько насколько насколько насколько насколько насколько насколько насколько насколько насколько насколько насколько насколько насколько насколько насколько насколько насколько насколько насколько насколько насколько насколько насколько насколько насколько насколько насколько насколько насколько насколько насколько насколько насколько насколько насколько насколько насколько насколько насколько насколько насколько насколько насколько насколько насколько насколько насколько насколько насколько насколько насколько насколько насколько насколько насколько насколько насколько насколько насколько насколько насколько насколько насколько насколько насколько", "numeric_answer": null, "relative_error": null, "thinking_text": null, "has_tool_call": false, "tool_call": null, "usage": {"prompt_tokens": 133, "completion_tokens": 256, "total_tokens": 389, "token_count_source": "tokenizer"}, "decoding": {"temperature": 0.2, "top_p": null, "top_k": null, "max_tokens": 256, "seed": 42}, "prompt_tokens": 133, "completion_tokens": 256, "total_tokens": 389, "token_count_source": "tokenizer", "diffusion_steps": null, "flops_estimate": null, "flops_arch": null, "flops_model_params": null, "flops_active_params": null, "tokens_non_final": 253, "tokens_reasoning": 0, "tokens_response": 253, "elapsed_seconds": 19.86001968383789, "judgement": "Uncategorized"}
{"id": "taxes_001145", "topic": "taxes", "subtopic": "pre_discount_tax", "prompt": "Cart: $20.48, $7.68, $10.58, $20.51, $20.54 with a 10% store discount. Local sales tax is 7.5% (tax calculated before discount). About how much is the total?", "exact_value": 77.8, "model": "tiiuae/Falcon-H1-7B-Instruct", "provider": "transformers", "response": "�альное значение", "numeric_answer": null, "relative_error": null, "thinking_text": null, "has_tool_call": false, "tool_call": null, "usage": {"prompt_tokens": 149, "completion_tokens": 4, "total_tokens": 153, "token_count_source": "tokenizer"}, "decoding": {"temperature": 0.2, "top_p": null, "top_k": null, "max_tokens": 256, "seed": 42}, "prompt_tokens": 149, "completion_tokens": 4, "total_tokens": 153, "token_count_source": "tokenizer", "diffusion_steps": null, "flops_estimate": null, "flops_arch": null, "flops_model_params": null, "flops_active_params": null, "tokens_non_final": 2, "tokens_reasoning": 0, "tokens_response": 2, "elapsed_seconds": 0.954937219619751, "judgement": "Uncategorized"}
{"id": "taxes_001165", "topic": "taxes", "subtopic": "post_discount_tax", "prompt": "Cart: $14.32, $41.58 with a 20% store discount. Local sales tax is 8.0% (tax after discount). About how much is the total?", "exact_value": 48.3, "model": "tiiuae/Falcon-H1-7B-Instruct", "provider": "transformers", "response": "�альное решение согласно правилальным инальным ответом согласно правилальным инальным ответом согласно правилальным инальным ответом согласно правилальным инальным ответом согласно правилальным инальным ответом согласно правилальным инальным ответом согласно правилальным инальным ответом согласно правилальным инальным ответом согласно правилальным инальным ответом согласно правилальным инальным ответом согласно правилальным инальным ответом согласно правилальным инальным ответом согласно правилальным инальным ответом согласно правилальным инальным ответом согласно правилальным инальным ответом согласно правилальным инальным ответом согласно правилальным инальным ответом согласно правилальным инальным ответом согласно правилальным инальным ответом согласно правилальным инальным ответом согласно правилальным инальным ответом согласно правилальным инальным ответом согласно правилальным инальным ответом согласно правилальным инальным ответом согласно правилальным инальным ответом согласно правилальным инальным ответом согласно правилальным инальным ответом согласно правилальным инальным ответом согласно правилальным инальным ответом согласно правилальным инальным ответом согласно правилальным инальным ответом согласно правилальным инальным ответом согласно правилальным инальным ответом согласно правилальным инальным ответом согласно правилальным инальным ответом согласно правилальным инальным ответом согласно", "numeric_answer": null, "relative_error": null, "thinking_text": null, "has_tool_call": false, "tool_call": null, "usage": {"prompt_tokens": 125, "completion_tokens": 256, "total_tokens": 381, "token_count_source": "tokenizer"}, "decoding": {"temperature": 0.2, "top_p": null, "top_k": null, "max_tokens": 256, "seed": 42}, "prompt_tokens": 125, "completion_tokens": 256, "total_tokens": 381, "token_count_source": "tokenizer", "diffusion_steps": null, "flops_estimate": null, "flops_arch": null, "flops_model_params": null, "flops_active_params": null, "tokens_non_final": 147, "tokens_reasoning": 0, "tokens_response": 147, "elapsed_seconds": 19.057525634765625, "judgement": "Uncategorized"}
{"id": "taxes_001185", "topic": "taxes", "subtopic": "pre_discount_tax", "prompt": "Cart: $17.11, $15.84 with a 15% store discount. Local sales tax is 6.0% (tax calculated before discount). About how much is the total?", "exact_value": 29.98, "model": "tiiuae/Falcon-H1-7B-Instruct", "provider": "transformers", "response": "�альное решение согласно правилальным указания насколько точно насколько возможно согласно предоставленной информации насколько точно насколько возможно насколько точно насколько возможно насколько точно насколько возможно насколько точно насколько возможно насколько точно насколько возможно насколько точно насколько возможно насколько точно насколько возможно насколько точно насколько возможно насколько точно насколько возможно насколько точно насколько возможно насколько точно насколько возможно насколько точно насколько возможно насколько точно насколько возможно насколько точно насколько возможно насколько точно насколько возможно насколько точно насколько возможно насколько точно насколько возможно насколько точно насколько возможно насколько точно насколько возможно насколько точно насколько возможно насколько точно насколько возможно насколько точно насколько возможно насколько точно насколько возможно насколько точно насколько возможно насколько точно насколько возможно насколько точно насколько возможно насколько точно насколько возможно насколько точно насколько возможно насколько точно насколько возможно насколько точно насколько возможно насколько точно насколько возможно насколько точно насколько возможно насколько точно насколько возможно насколько точно насколько возможно насколько точно насколько возможно насколько точно насколько возможно насколько точно насколько возможно насколько точно насколько возможно насколько точно насколько возможно насколько точно насколько возможно насколько точно насколько возможно насколько точно насколько возможно насколько точно насколько возможно насколько точно насколько возможно насколько точно насколько возможно насколько точно насколько возможно насколько точно насколько возможно насколько точно насколько возможно насколько точно насколько возможно насколько точно насколько возможно насколько точно насколько возможно насколько точно насколько возможно насколько точно насколько возможно насколько точно насколько возможно насколько точно насколько возможно насколько точно насколько возможно насколько точно насколько возможно насколько точно насколько возможно насколько точно насколько возможно насколько точно насколько возможно", "numeric_answer": null, "relative_error": null, "thinking_text": null, "has_tool_call": false, "tool_call": null, "usage": {"prompt_tokens": 126, "completion_tokens": 256, "total_tokens": 382, "token_count_source": "tokenizer"}, "decoding": {"temperature": 0.2, "top_p": null, "top_k": null, "max_tokens": 256, "seed": 42}, "prompt_tokens": 126, "completion_tokens": 256, "total_tokens": 382, "token_count_source": "tokenizer", "diffusion_steps": null, "flops_estimate": null, "flops_arch": null, "flops_model_params": null, "flops_active_params": null, "tokens_non_final": 252, "tokens_reasoning": 0, "tokens_response": 252, "elapsed_seconds": 19.06313920021057, "judgement": "Uncategorized"}
{"id": "taxes_001205", "topic": "taxes", "subtopic": "pre_discount_tax", "prompt": "Cart: $16.90, $53.37, $54.66, $11.44, $18.23 with a 20% store discount. Local sales tax is 8.0% (tax calculated before discount). About how much is the total?", "exact_value": 136.05, "model": "tiiuae/Falcon-H1-7B-Instruct", "provider": "transformers", "response": "�альное решение согласно заданию согласно правилальным требованиям согласно системе согласноальному ответальному ответальному ответальному ответальномуальномуальномуальномуальномуальномуальномуальномуальномуальномуальномуальномуальномуальномуальномуальномуальномуальномуальномуальномуальномуальномуальномуальномуальномуальномуальномуальномуальномуальномуальномуальномуальномуальномуальномуальномуальномуальномуальномуальномуальномуальномуальномуальномуальномуальномуальномуальномуальномуальномуальномуальномуальномуальномуальномуальномуальномуальномуальномуальномуальномуальномуальномуальномуальномуальномуальномуальномуальномуальномуальномуальномуальномуальномуальномуальномуальномуальномуальномуальномуальномуальномуальномуальномуальномуальномуальномуальномуальномуальномуальномуальномуальномуальномуальномуальномуальномуальномуальномуальномуальномуальномуальномуальномуальномуальномуальномуальномуальномуальномуальномуальномуальномуальномуальномуальномуальномуальномуальномуальномуальномуальномуальномуальномуальномуальномуальномуальномуальномуальномуальномуальномуальномуальномуальномуальномуальномуальномуальномуальномуальномуальномуальномуальномуальномуальномуальномуальномуальномуальномуальномуальномуальномуальномуальномуальномуальномуальномуальномуальномуальномуальномуальномуальномуальномуальномуальномуальномуальномуальномуальномуальномуальномуальномуальномуальномуальномуальномуальномуальномуальномуальномуальномуальномуальномуальномуальномуальномуальномуальномуальномуальномуальномуальномуальномуальномуальномуальномуальномуальномуальномуальномуальномуальномуальномуальномуальномуальномуальномуальномуальномуальномуальномуальномуальномуальномуальномуальномуальномуальномуальномуальномуальномуальномуальномуальномуальномуальномуальномуальномуальномуальномуальномуальномуальному", "numeric_answer": null, "relative_error": null, "thinking_text": null, "has_tool_call": false, "tool_call": null, "usage": {"prompt_tokens": 150, "completion_tokens": 256, "total_tokens": 406, "token_count_source": "tokenizer"}, "decoding": {"temperature": 0.2, "top_p": null, "top_k": null, "max_tokens": 256, "seed": 42}, "prompt_tokens": 150, "completion_tokens": 256, "total_tokens": 406, "token_count_source": "tokenizer", "diffusion_steps": null, "flops_estimate": null, "flops_arch": null, "flops_model_params": null, "flops_active_params": null, "tokens_non_final": 14, "tokens_reasoning": 0, "tokens_response": 14, "elapsed_seconds": 18.885313510894775, "judgement": "Uncategorized"}
{"id": "taxes_001225", "topic": "taxes", "subtopic": "pre_discount_tax", "prompt": "Cart: $48.12, $37.76, $8.24 with a 10% store discount. Local sales tax is 8.5% (tax calculated before discount). About how much is the total?", "exact_value": 92.71, "model": "tiiuae/Falcon-H1-7B-Instruct", "provider": "transformers", "response": "�альное решение согласно правилальным требованиямирует последовательные действия согласно приведенной информации о счете процентов процентов процентов процентов процентов процентов процентов процентов процентов процентов процентов процентов процентов процентов процентов процентов процентов процентов процентов процентов процентов процентов процентов процентов процентов процентов процентов процентов процентов процентов процентов процентов процентов процентов процентов процентов процентов процентов процентов процентов процентов процентов процентов процентов процентов процентов процентов процентов процентов процентов процентов процентов процентов процентов процентов процентов процентов процентов процентов процентов процентов процентов процентов процентов процентов процентов процентов процентов процентов процентов процентов процентов процентов процентов процентов процентов процентов процентов процентов процентов процентов процентов процентов процентов процентов процентов процентов процентов процентов процентов процентов процентов процентов процентов процентов процентов процентов процентов процентов процентов процентов процентов процентов процентов процентов процентов процентов процентов процентов процентов процентов процентов процентов процентов процентов процентов процентов процентов процентов процентов процентов процентов процентов процентов процентов процентов процентов процентов процентов процентов процентов процентов процентов процентов процентов процентов процентов процентов процентов процентов процентов процентов процентов процентов процентов процентов процентов процентов процентов процентов процентов процентов процентов процентов процентов процентов процентов процентов процентов процентов процентов процентов процентов процентов процентов процентов процентов процентов процентов процентов процентов процентов процентов процентов процентов процентов процентов процентов процентов процентов процентов процентов процентов процентов процентов процентов процентов процентов процентов процентов процентов процентов процентов процентов процентов процентов процентов процентов процентов процентов процентов процентов процентов процентов процентов процентов процентов процентов процентов процентов процентов процентов процентов процентов процентов процентов процентов процентов процентов процентов процентов процентов процентов процентов процентов процентов процентов процентов процентов процентов процентов процентов процентов процентов процентов процентов процентов процентов", "numeric_answer": null, "relative_error": null, "thinking_text": null, "has_tool_call": false, "tool_call": null, "usage": {"prompt_tokens": 133, "completion_tokens": 256, "total_tokens": 389, "token_count_source": "tokenizer"}, "decoding": {"temperature": 0.2, "top_p": null, "top_k": null, "max_tokens": 256, "seed": 42}, "prompt_tokens": 133, "completion_tokens": 256, "total_tokens": 389, "token_count_source": "tokenizer", "diffusion_steps": null, "flops_estimate": null, "flops_arch": null, "flops_model_params": null, "flops_active_params": null, "tokens_non_final": 250, "tokens_reasoning": 0, "tokens_response": 250, "elapsed_seconds": 19.84722590446472, "judgement": "Uncategorized"}
{"id": "taxes_001245", "topic": "taxes", "subtopic": "post_discount_tax", "prompt": "Cart: $16.15, $46.13, $29.68, $11.10 with a 20% store discount. Local sales tax is 8.0% (tax after discount). About how much is the total?", "exact_value": 89.04, "model": "tiiuae/Falcon-H1-7B-Instruct", "provider": "transformers", "response": "�альное решение согласно предоставленной информацииируется путем последовательного применения скид visos и налога согласно правилам системы kompensacji процентов насколько это возможно согласно описанию процесса kompensacji процентов насколько это возможно согласно описанию процесса kompensacji процентов насколькоальноется путем последовательного применения процентов согласно описанию kompensacji процентов насколькоальноется путем последовательного применения процентов согласно kompensacji насколькоальноется путем последовательного применения процентов согласно kompensacji насколькоальноется путем последовательного применения процентов согласно kompensации насколькоальноется путем последовательного применения процентов согласно kompensации насколькоальноется путем последовательного применения процентов согласно kompensации насколькоальноется путем последовательного применения процентов согласно kompensации насколькоальноется путем последовательного применения процентов согласно kompensации насколькоальноется путем последовательного применения процентов согласно kompensации насколькоальноется путем последовательного применения процентов согласно kompensации насколькоальноется путем последовательного применения процентов согласно kompensации насколькоальноется путем последовательного применения процентов согласно kompensации насколькоальноется путем последовательного применения процентов согласно kompensации насколькоальноется путем последовательного применения процентов согласно kompensации насколькоальноется путем последовательного применения процентов согласно kompensации насколькоальноется путем последовательного применения процентов согласно kompensации насколькоальноется путем последовательного применения процентов согласно kompensации насколькоальноется путем последовательного применения процентов согласно kompensации насколькоальноется путем последовательного применения процентов согласно kompens", "numeric_answer": null, "relative_error": null, "thinking_text": null, "has_tool_call": false, "tool_call": null, "usage": {"prompt_tokens": 141, "completion_tokens": 256, "total_tokens": 397, "token_count_source": "tokenizer"}, "decoding": {"temperature": 0.2, "top_p": null, "top_k": null, "max_tokens": 256, "seed": 42}, "prompt_tokens": 141, "completion_tokens": 256, "total_tokens": 397, "token_count_source": "tokenizer", "diffusion_steps": null, "flops_estimate": null, "flops_arch": null, "flops_model_params": null, "flops_active_params": null, "tokens_non_final": 168, "tokens_reasoning": 0, "tokens_response": 168, "elapsed_seconds": 20.72245693206787, "judgement": "Uncategorized"}
{"id": "taxes_001265", "topic": "taxes", "subtopic": "pre_discount_tax", "prompt": "Cart: $5.07, $49.02, $21.35, $52.81. Local sales tax is 8.5% (tax calculated before discount). About how much is the total?", "exact_value": 139.15, "model": "tiiuae/Falcon-H1-7B-Instruct", "provider": "transformers", "response": "�альное значение", "numeric_answer": null, "relative_error": null, "thinking_text": null, "has_tool_call": false, "tool_call": null, "usage": {"prompt_tokens": 133, "completion_tokens": 4, "total_tokens": 137, "token_count_source": "tokenizer"}, "decoding": {"temperature": 0.2, "top_p": null, "top_k": null, "max_tokens": 256, "seed": 42}, "prompt_tokens": 133, "completion_tokens": 4, "total_tokens": 137, "token_count_source": "tokenizer", "diffusion_steps": null, "flops_estimate": null, "flops_arch": null, "flops_model_params": null, "flops_active_params": null, "tokens_non_final": 2, "tokens_reasoning": 0, "tokens_response": 2, "elapsed_seconds": 0.327711820602417, "judgement": "Uncategorized"}
{"id": "taxes_001285", "topic": "taxes", "subtopic": "pre_discount_tax", "prompt": "Cart: $23.28, $56.47 with a 10% store discount. Local sales tax is 7.0% (tax calculated before discount). About how much is the total?", "exact_value": 77.36, "model": "tiiuae/Falcon-H1-7B-Instruct", "provider": "transformers", "response": "�альное значение", "numeric_answer": null, "relative_error": null, "thinking_text": null, "has_tool_call": false, "tool_call": null, "usage": {"prompt_tokens": 126, "completion_tokens": 4, "total_tokens": 130, "token_count_source": "tokenizer"}, "decoding": {"temperature": 0.2, "top_p": null, "top_k": null, "max_tokens": 256, "seed": 42}, "prompt_tokens": 126, "completion_tokens": 4, "total_tokens": 130, "token_count_source": "tokenizer", "diffusion_steps": null, "flops_estimate": null, "flops_arch": null, "flops_model_params": null, "flops_active_params": null, "tokens_non_final": 2, "tokens_reasoning": 0, "tokens_response": 2, "elapsed_seconds": 0.3223888874053955, "judgement": "Uncategorized"}
{"id": "taxes_001305", "topic": "taxes", "subtopic": "post_discount_tax", "prompt": "Cart: $32.63, $47.64, $21.83, $42.07. Local sales tax is 7.5% (tax after discount). About how much is the total?", "exact_value": 154.98, "model": "tiiuae/Falcon-H1-7B-Instruct", "provider": "transformers", "response": "�альное решение согласно правилальным требованиямирует последовательные действия согласно следующему плануирования процентов согласно налоговым правилальным требованиямирует последовательные действия согласно следующемуальному решению согласно правилальнымальнымальнымальнымальнымальнымальнымальнымальнымальнымальнымальнымальнымальнымальнымальнымальнымальнымальнымальнымальнымальнымальнымальнымальнымальнымальнымальнымальнымальнымальнымальнымальнымальнымальнымальнымальнымальнымальнымальнымальнымальнымальнымальнымальнымальнымальнымальнымальнымальнымальнымальнымальнымальнымальнымальнымальнымальнымальнымальнымальнымальнымальнымальнымальнымальнымальнымальнымальнымальнымальнымальнымальнымальнымальнымальнымальнымальнымальнымальнымальнымальнымальнымальнымальнымальнымальнымальнымальнымальнымальнымальнымальнымальнымальнымальнымальнымальнымальнымальнымальнымальнымальнымальнымальнымальнымальнымальнымальнымальнымальнымальнымальнымальнымальнымальнымальнымальнымальнымальнымальнымальнымальнымальнымальнымальнымальнымальнымальнымальнымальнымальнымальнымальнымальнымальнымальнымальнымальнымальнымальнымальнымальнымальнымальнымальнымальнымальнымальнымальнымальнымальнымальнымальнымальнымальнымальнымальнымальнымальнымальнымальнымальнымальнымальнымальнымальнымальнымальнымальнымальнымальнымальнымальнымальнымальнымальнымальнымальнымальнымальнымальнымальнымальнымальнымальнымальнымальнымальнымальнымальнымальнымальнымальнымальнымальнымальнымальнымальнымальнымальнымальнымальнымальнымальнымальнымальнымальнымальнымальнымальнымальнымальнымальнымальнымальнымальнымальнымальнымальнымальным", "numeric_answer": null, "relative_error": null, "thinking_text": null, "has_tool_call": false, "tool_call": null, "usage": {"prompt_tokens": 133, "completion_tokens": 256, "total_tokens": 389, "token_count_source": "tokenizer"}, "decoding": {"temperature": 0.2, "top_p": null, "top_k": null, "max_tokens": 256, "seed": 42}, "prompt_tokens": 133, "completion_tokens": 256, "total_tokens": 389, "token_count_source": "tokenizer", "diffusion_steps": null, "flops_estimate": null, "flops_arch": null, "flops_model_params": null, "flops_active_params": null, "tokens_non_final": 22, "tokens_reasoning": 0, "tokens_response": 22, "elapsed_seconds": 18.562949657440186, "judgement": "Uncategorized"}
{"id": "taxes_001325", "topic": "taxes", "subtopic": "pre_discount_tax", "prompt": "Cart: $22.61, $14.17, $36.73, $21.75, $44.86 with a 15% store discount. Local sales tax is 8.5% (tax calculated before discount). About how much is the total?", "exact_value": 131.01, "model": "tiiuae/Falcon-H1-7B-Instruct", "provider": "transformers", "response": "�альное решение согласно правилальным требованиямирует последовательные действия согласно следующему плануирования процентов процентов процентов процентов процентов процентов процентов процентов процентов процентов процентов процентов процентов процентов процентов процентов процентов процентов процентов процентов процентов процентов процентов процентов процентов процентов процентов процентов процентов процентов процентов процентов процентов процентов процентов процентов процентов процентов процентов процентов процентов процентов процентов процентов процентов процентов процентов процентов процентов процентов процентов процентов процентов процентов процентов процентов процентов процентов процентов процентов процентов процентов процентов процентов процентов процентов процентов процентов процентов процентов процентов процентов процентов процентов процентов процентов процентов процентов процентов процентов процентов процентов процентов процентов процентов процентов процентов процентов процентов процентов процентов процентов процентов процентов процентов процентов процентов процентов процентов процентов процентов процентов процентов процентов процентов процентов процентов процентов процентов процентов процентов процентов процентов процентов процентов процентов процентов процентов процентов процентов процентов процентов процентов процентов процентов процентов процентов процентов процентов процентов процентов процентов процентов процентов процентов процентов процентов процентов процентов процентов процентов процентов процентов процентов процентов процентов процентов процентов процентов процентов процентов процентов процентов процентов процентов процентов процентов процентов процентов процентов процентов процентов процентов процентов процентов процентов процентов процентов процентов процентов процентов процентов процентов процентов процентов процентов процентов процентов процентов процентов процентов процентов процентов процентов процентов процентов процентов процентов процентов процентов процентов процентов процентов процентов процентов процентов процентов процентов процентов процентов процентов процентов процентов процентов процентов процентов процентов процентов процентов процентов процентов процентов процентов процентов процентов процентов процентов процентов процентов процентов процентов процентов процентов процентов процентов процентов процентов процентов процентов процентов процентов процентов процентов процентов процентов процентов процентов процентов процентов", "numeric_answer": null, "relative_error": null, "thinking_text": null, "has_tool_call": false, "tool_call": null, "usage": {"prompt_tokens": 150, "completion_tokens": 256, "total_tokens": 406, "token_count_source": "tokenizer"}, "decoding": {"temperature": 0.2, "top_p": null, "top_k": null, "max_tokens": 256, "seed": 42}, "prompt_tokens": 150, "completion_tokens": 256, "total_tokens": 406, "token_count_source": "tokenizer", "diffusion_steps": null, "flops_estimate": null, "flops_arch": null, "flops_model_params": null, "flops_active_params": null, "tokens_non_final": 249, "tokens_reasoning": 0, "tokens_response": 249, "elapsed_seconds": 18.901299238204956, "judgement": "Uncategorized"}
{"id": "units_000127", "topic": "units", "subtopic": "kg_g", "prompt": "An item costs $13.16 per kg. You take 500 g. About how much is that?", "exact_value": 6.58, "model": "tiiuae/Falcon-H1-7B-Instruct", "provider": "transformers", "response": "альнымиальнымиальнымиальнымиальнымиальнымиальнымиальнымиальнымиальнымиальнымиальнымиальнымиальнымиальнымиальнымиальнымиальнымиальнымиальнымиальнымиальнымиальнымиальнымиальнымиальнымиальнымиальнымиальнымиальнымиальнымиальнымиальнымиальнымиальнымиальнымиальнымиальнымиальнымиальнымиальнымиальнымиальнымиальнымиальнымиальнымиальнымиальнымиальнымиальнымиальнымиальнымиальнымиальнымиальнымиальнымиальнымиальнымиальнымиальнымиальнымиальнымиальнымиальнымиальнымиальнымиальнымиальнымиальнымиальнымиальнымиальнымиальнымиальнымиальнымиальнымиальнымиальнымиальнымиальнымиальнымиальнымиальнымиальнымиальнымиальнымиальнымиальнымиальнымиальнымиальнымиальнымиальнымиальнымиальнымиальнымиальнымиальнымиальнымиальнымиальнымиальнымиальнымиальнымиальнымиальнымиальнымиальнымиальнымиальнымиальнымиальнымиальнымиальнымиальнымиальнымиальнымиальнымиальнымиальнымиальнымиальнымиальнымиальнымиальнымиальнымиальнымиальнымиальнымиальнымиальнымиальнымиальнымиальнымиальнымиальнымиальнымиальнымиальнымиальнымиальнымиальнымиальнымиальнымиальнымиальнымиальнымиальнымиальнымиальнымиальнымиальнымиальнымиальнымиальнымиальнымиальнымиальнымиальнымиальнымиальнымиальнымиальнымиальнымиальнымиальнымиальнымиальнымиальнымиальнымиальнымиальнымиальнымиальнымиальнымиальнымиальнымиальнымиальнымиальнымиальнымиальнымиальнымиальнымиальнымиальнымиальнымиальнымиальнымиальнымиальнымиальнымиальнымиальнымиальнымиальнымиальнымиальнымиальнымиальнымиальнымиальнымиальнымиальнымиальнымиальнымиальнымиальнымиальнымиальнымиальнымиальнымиальнымиальнымиальнымиальнымиальнымиальнымиальнымиальнымиальнымиальнымиальнымиальнымиальнымиальнымиальнымиальнымиальнымиальнымиальнымиальнымиальнымиальнымиальнымиальнымиальнымиальнымиальнымиальнымиальнымиальнымиальнымиальнымиальнымиальнымиальнымиальнымиальнымиальнымиальнымиальнымиальнымиальнымиальнымиальными", "numeric_answer": null, "relative_error": null, "thinking_text": null, "has_tool_call": false, "tool_call": null, "usage": {"prompt_tokens": 104, "completion_tokens": 256, "total_tokens": 360, "token_count_source": "tokenizer"}, "decoding": {"temperature": 0.2, "top_p": null, "top_k": null, "max_tokens": 256, "seed": 42}, "prompt_tokens": 104, "completion_tokens": 256, "total_tokens": 360, "token_count_source": "tokenizer", "diffusion_steps": null, "flops_estimate": null, "flops_arch": null, "flops_model_params": null, "flops_active_params": null, "tokens_non_final": 1, "tokens_reasoning": 0, "tokens_response": 1, "elapsed_seconds": 20.576419353485107, "judgement": "Uncategorized"}
{"id": "units_000147", "topic": "units", "subtopic": "kg_g", "prompt": "An item costs $9.68 per kg. You take 500 g. About how much is that?", "exact_value": 4.84, "model": "tiiuae/Falcon-H1-7B-Instruct", "provider": "transformers", "response": "�альное решение согласно правилальным указанияàrösenировано насколько точно насколько возможно согласно предоставленной информации насколько точно насколько возможно согласно предоставленной информации насколько точно насколько возможно согласно предоставленнойации насколько точно насколько возможно согласно предоставированнойации насколько точно насколько возможно согласно предоставированнойации насколько точно насколько возможно согласно предоставированнойации насколько точно насколько возможно согласно предоставированнойации насколько точно насколько возможно согласно предоставированнойации насколько точно насколько возможно согласно предоставированнойации насколько точно насколько возможно согласно предоставированнойации насколько точно насколько возможно согласно предоставированнойации насколько точно насколько возможно согласно предоставированнойации насколько точно насколько возможно согласно предоставированнойации насколько точно насколько возможно согласно предоставированнойации насколько точно насколько возможно согласно предоставированнойации насколько точно насколько возможно согласно предоставированнойации насколько точно насколько возможно согласно предоставированнойации насколько точно насколько возможно согласно предоставированнойации насколько точно насколько возможно согласно предоставированнойации насколько точно насколько возможно согласно предоставированнойации насколько точно насколько возможно согласно предоставированнойации насколько точно насколько возможно согласно предоставированнойации насколько точно насколько возможно согласно предоставированнойации насколько точно насколько возможно согласно предоставированнойации насколько точно насколько возможно согласно предоставированнойации насколько точно насколько возможно согласно предоставированнойации насколько точно насколько возможно согласно предоставированнойации насколько точно насколько возможно согласно предоставированнойации насколько точно насколько возможно согласно предоставированнойации насколько точно насколько возможно согласно предоставированнойации насколько точно насколько возможно согласно", "numeric_answer": null, "relative_error": null, "thinking_text": null, "has_tool_call": false, "tool_call": null, "usage": {"prompt_tokens": 103, "completion_tokens": 256, "total_tokens": 359, "token_count_source": "tokenizer"}, "decoding": {"temperature": 0.2, "top_p": null, "top_k": null, "max_tokens": 256, "seed": 42}, "prompt_tokens": 103, "completion_tokens": 256, "total_tokens": 359, "token_count_source": "tokenizer", "diffusion_steps": null, "flops_estimate": null, "flops_arch": null, "flops_model_params": null, "flops_active_params": null, "tokens_non_final": 192, "tokens_reasoning": 0, "tokens_response": 192, "elapsed_seconds": 19.221587419509888, "judgement": "Uncategorized"}
{"id": "units_000167", "topic": "units", "subtopic": "lb_oz", "prompt": "You buy 5.37 lb at $7.71 per lb. About how much is that total?", "exact_value": 41.4, "model": "tiiuae/Falcon-H1-7B-Instruct", "provider": "transformers", "response": "альнымиальнымиальнымиальнымиальнымиальнымиальнымиальнымиальнымиальнымиальнымиальнымиальнымиальнымиальнымиальнымиальнымиальнымиальнымиальнымиальнымиальнымиальнымиальнымиальнымиальнымиальнымиальнымиальнымиальнымиальнымиальнымиальнымиальнымиальнымиальнымиальнымиальнымиальнымиальнымиальнымиальнымиальнымиальнымиальнымиальнымиальнымиальнымиальнымиальнымиальнымиальнымиальнымиальнымиальнымиальнымиальнымиальнымиальнымиальнымиальнымиальнымиальнымиальнымиальнымиальнымиальнымиальнымиальнымиальнымиальнымиальнымиальнымиальнымиальнымиальнымиальнымиальнымиальнымиальнымиальнымиальнымиальнымиальнымиальнымиальнымиальнымиальнымиальнымиальнымиальнымиальнымиальнымиальнымиальнымиальнымиальнымиальнымиальнымиальнымиальнымиальнымиальнымиальнымиальнымиальнымиальнымиальнымиальнымиальнымиальнымиальнымиальнымиальнымиальнымиальнымиальнымиальнымиальнымиальнымиальнымиальнымиальнымиальнымиальнымиальнымиальнымиальнымиальнымиальнымиальнымиальнымиальнымиальнымиальнымиальнымиальнымиальнымиальнымиальнымиальнымиальнымиальнымиальнымиальнымиальнымиальнымиальнымиальнымиальнымиальнымиальнымиальнымиальнымиальнымиальнымиальнымиальнымиальнымиальнымиальнымиальнымиальнымиальнымиальнымиальнымиальнымиальнымиальнымиальнымиальнымиальнымиальнымиальнымиальнымиальнымиальнымиальнымиальнымиальнымиальнымиальнымиальнымиальнымиальнымиальнымиальнымиальнымиальнымиальнымиальнымиальнымиальнымиальнымиальнымиальнымиальнымиальнымиальнымиальнымиальнымиальнымиальнымиальнымиальнымиальнымиальнымиальнымиальнымиальнымиальнымиальнымиальнымиальнымиальнымиальнымиальнымиальнымиальнымиальнымиальнымиальнымиальнымиальнымиальнымиальнымиальнымиальнымиальнымиальнымиальнымиальнымиальнымиальнымиальнымиальнымиальнымиальнымиальнымиальнымиальнымиальнымиальнымиальнымиальнымиальнымиальнымиальнымиальнымиальнымиальнымиальнымиальнымиальнымиальнымиальными", "numeric_answer": null, "relative_error": null, "thinking_text": null, "has_tool_call": false, "tool_call": null, "usage": {"prompt_tokens": 102, "completion_tokens": 256, "total_tokens": 358, "token_count_source": "tokenizer"}, "decoding": {"temperature": 0.2, "top_p": null, "top_k": null, "max_tokens": 256, "seed": 42}, "prompt_tokens": 102, "completion_tokens": 256, "total_tokens": 358, "token_count_source": "tokenizer", "diffusion_steps": null, "flops_estimate": null, "flops_arch": null, "flops_model_params": null, "flops_active_params": null, "tokens_non_final": 1, "tokens_reasoning": 0, "tokens_response": 1, "elapsed_seconds": 19.215566635131836, "judgement": "Uncategorized"}
{"id": "units_000187", "topic": "units", "subtopic": "kg_g", "prompt": "An item costs $7.01 per kg. You take 300 g. About how much is that?", "exact_value": 2.1, "model": "tiiuae/Falcon-H1-7B-Instruct", "provider": "transformers", "response": "альнымиальнымиальнымиальнымиальнымиальнымиальнымиальнымиальнымиальнымиальнымиальнымиальнымиальнымиальнымиальнымиальнымиальнымиальнымиальнымиальнымиальнымиальнымиальнымиальнымиальнымиальнымиальнымиальнымиальнымиальнымиальнымиальнымиальнымиальнымиальнымиальнымиальнымиальнымиальнымиальнымиальнымиальнымиальнымиальнымиальнымиальнымиальнымиальнымиальнымиальнымиальнымиальнымиальнымиальнымиальнымиальнымиальнымиальнымиальнымиальнымиальнымиальнымиальнымиальнымиальнымиальнымиальнымиальнымиальнымиальнымиальнымиальнымиальнымиальнымиальнымиальнымиальнымиальнымиальнымиальнымиальнымиальнымиальнымиальнымиальнымиальнымиальнымиальнымиальнымиальнымиальнымиальнымиальнымиальнымиальнымиальнымиальнымиальнымиальнымиальнымиальнымиальнымиальнымиальнымиальнымиальнымиальнымиальнымиальнымиальнымиальнымиальнымиальнымиальнымиальнымиальнымиальнымиальнымиальнымиальнымиальнымиальнымиальнымиальнымиальнымиальнымиальнымиальнымиальнымиальнымиальнымиальнымиальнымиальнымиальнымиальнымиальнымиальнымиальнымиальнымиальнымиальнымиальнымиальнымиальнымиальнымиальнымиальнымиальнымиальнымиальнымиальнымиальнымиальнымиальнымиальнымиальнымиальнымиальнымиальнымиальнымиальнымиальнымиальнымиальнымиальнымиальнымиальнымиальнымиальнымиальнымиальнымиальнымиальнымиальнымиальнымиальнымиальнымиальнымиальнымиальнымиальнымиальнымиальнымиальнымиальнымиальнымиальнымиальнымиальнымиальнымиальнымиальнымиальнымиальнымиальнымиальнымиальнымиальнымиальнымиальнымиальнымиальнымиальнымиальнымиальнымиальнымиальнымиальнымиальнымиальнымиальнымиальнымиальнымиальнымиальнымиальнымиальнымиальнымиальнымиальнымиальнымиальнымиальнымиальнымиальнымиальнымиальнымиальнымиальнымиальнымиальнымиальнымиальнымиальнымиальнымиальнымиальнымиальнымиальнымиальнымиальнымиальнымиальнымиальнымиальнымиальнымиальнымиальнымиальнымиальнымиальнымиальнымиальнымиальными", "numeric_answer": null, "relative_error": null, "thinking_text": null, "has_tool_call": false, "tool_call": null, "usage": {"prompt_tokens": 103, "completion_tokens": 256, "total_tokens": 359, "token_count_source": "tokenizer"}, "decoding": {"temperature": 0.2, "top_p": null, "top_k": null, "max_tokens": 256, "seed": 42}, "prompt_tokens": 103, "completion_tokens": 256, "total_tokens": 359, "token_count_source": "tokenizer", "diffusion_steps": null, "flops_estimate": null, "flops_arch": null, "flops_model_params": null, "flops_active_params": null, "tokens_non_final": 1, "tokens_reasoning": 0, "tokens_response": 1, "elapsed_seconds": 18.36055588722229, "judgement": "Uncategorized"}
{"id": "units_000207", "topic": "units", "subtopic": "kg_g", "prompt": "An item costs $19.14 per kg. You take 350 g. About how much is that?", "exact_value": 6.7, "model": "tiiuae/Falcon-H1-7B-Instruct", "provider": "transformers", "response": "альнымиальнымиальнымиальнымиальнымиальнымиальнымиальнымиальнымиальнымиальнымиальнымиальнымиальнымиальнымиальнымиальнымиальнымиальнымиальнымиальнымиальнымиальнымиальнымиальнымиальнымиальнымиальнымиальнымиальнымиальнымиальнымиальнымиальнымиальнымиальнымиальнымиальнымиальнымиальнымиальнымиальнымиальнымиальнымиальнымиальнымиальнымиальнымиальнымиальнымиальнымиальнымиальнымиальнымиальнымиальнымиальнымиальнымиальнымиальнымиальнымиальнымиальнымиальнымиальнымиальнымиальнымиальнымиальнымиальнымиальнымиальнымиальнымиальнымиальнымиальнымиальнымиальнымиальнымиальнымиальнымиальнымиальнымиальнымиальнымиальнымиальнымиальнымиальнымиальнымиальнымиальнымиальнымиальнымиальнымиальнымиальнымиальнымиальнымиальнымиальнымиальнымиальнымиальнымиальнымиальнымиальнымиальнымиальнымиальнымиальнымиальнымиальнымиальнымиальнымиальнымиальнымиальнымиальнымиальнымиальнымиальнымиальнымиальнымиальнымиальнымиальнымиальнымиальнымиальнымиальнымиальнымиальнымиальнымиальнымиальнымиальнымиальнымиальнымиальнымиальнымиальнымиальнымиальнымиальнымиальнымиальнымиальнымиальнымиальнымиальнымиальнымиальнымиальнымиальнымиальнымиальнымиальнымиальнымиальнымиальнымиальнымиальнымиальнымиальнымиальнымиальнымиальнымиальнымиальнымиальнымиальнымиальнымиальнымиальнымиальнымиальнымиальнымиальнымиальнымиальнымиальнымиальнымиальнымиальнымиальнымиальнымиальнымиальнымиальнымиальнымиальнымиальнымиальнымиальнымиальнымиальнымиальнымиальнымиальнымиальнымиальнымиальнымиальнымиальнымиальнымиальнымиальнымиальнымиальнымиальнымиальнымиальнымиальнымиальнымиальнымиальнымиальнымиальнымиальнымиальнымиальнымиальнымиальнымиальнымиальнымиальнымиальнымиальнымиальнымиальнымиальнымиальнымиальнымиальнымиальнымиальнымиальнымиальнымиальнымиальнымиальнымиальнымиальнымиальнымиальнымиальнымиальнымиальнымиальнымиальнымиальнымиальнымиальнымиальнымиальными", "numeric_answer": null, "relative_error": null, "thinking_text": null, "has_tool_call": false, "tool_call": null, "usage": {"prompt_tokens": 104, "completion_tokens": 256, "total_tokens": 360, "token_count_source": "tokenizer"}, "decoding": {"temperature": 0.2, "top_p": null, "top_k": null, "max_tokens": 256, "seed": 42}, "prompt_tokens": 104, "completion_tokens": 256, "total_tokens": 360, "token_count_source": "tokenizer", "diffusion_steps": null, "flops_estimate": null, "flops_arch": null, "flops_model_params": null, "flops_active_params": null, "tokens_non_final": 1, "tokens_reasoning": 0, "tokens_response": 1, "elapsed_seconds": 19.13096284866333, "judgement": "Uncategorized"}
{"id": "units_000227", "topic": "units", "subtopic": "lb_oz", "prompt": "You buy 4.2 lb at $8.05 per lb. About how much is that total?", "exact_value": 33.81, "model": "tiiuae/Falcon-H1-7B-Instruct", "provider": "transformers", "response": "�альное решение согласно правилальным указания насколько насколько насколько насколько насколько насколько насколько насколько насколько насколько насколько насколько насколько насколько насколько насколько насколько насколько насколько насколько насколько насколько насколько насколько насколько насколько насколько насколько насколько насколько насколько насколько насколько насколько насколько насколько насколько насколько насколько насколько насколько насколько насколько насколько насколько насколько насколько насколько насколько насколько насколько насколько насколько насколько насколько насколько насколько насколько насколько насколько насколько насколько насколько насколько насколько насколько насколько насколько насколько насколько насколько насколько насколько насколько насколько насколько насколько насколько насколько насколько насколько насколько насколько насколько насколько насколько насколько насколько насколько насколько насколько насколько насколько насколько насколько насколько насколько насколько насколько насколько насколько насколько насколько насколько насколько насколько насколько насколько насколько насколько насколько насколько насколько насколько насколько насколько насколько насколько насколько насколько насколько насколько насколько насколько насколько насколько насколько насколько насколько насколько насколько насколько насколько насколько насколько насколько насколько насколько насколько насколько насколько насколько насколько насколько насколько насколько насколько насколько насколько насколько насколько насколько насколько насколько насколько насколько насколько насколько насколько насколько насколько насколько насколько насколько насколько насколько насколько насколько насколько насколько насколько насколько насколько насколько насколько насколько насколько насколько насколько насколько насколько насколько насколько насколько насколько насколько насколько насколько насколько насколько насколько насколько насколько насколько насколько насколько насколько насколько насколько насколько насколько насколько насколько насколько насколько насколько насколько насколько насколько насколько насколько насколько насколько насколько насколько насколько насколько насколько насколько насколько насколько насколько насколько насколько насколько насколько насколько насколько насколько насколько насколько насколько насколько насколько насколько насколько насколько насколько насколько насколько насколько насколько насколько насколько насколько насколько насколько насколько", "numeric_answer": null, "relative_error": null, "thinking_text": null, "has_tool_call": false, "tool_call": null, "usage": {"prompt_tokens": 101, "completion_tokens": 256, "total_tokens": 357, "token_count_source": "tokenizer"}, "decoding": {"temperature": 0.2, "top_p": null, "top_k": null, "max_tokens": 256, "seed": 42}, "prompt_tokens": 101, "completion_tokens": 256, "total_tokens": 357, "token_count_source": "tokenizer", "diffusion_steps": null, "flops_estimate": null, "flops_arch": null, "flops_model_params": null, "flops_active_params": null, "tokens_non_final": 253, "tokens_reasoning": 0, "tokens_response": 253, "elapsed_seconds": 18.969064235687256, "judgement": "Uncategorized"}
{"id": "units_000247", "topic": "units", "subtopic": "lb_oz", "prompt": "You buy 1.27 lb at $10.60 per lb. About how much is that total?", "exact_value": 13.46, "model": "tiiuae/Falcon-H1-7B-Instruct", "provider": "transformers", "response": "альнымиются согласно приведенной стоимостиацииируемое количество процентовируетальную стоимость согласно приведенной стоимостиациирует насколько процентовирует насколько процентовирует насколько процентовирует насколько процентовирует насколько процентовирует насколько процентовирует насколько процентовирует насколько процентовирует насколько процентовирует насколько процентовирует насколько процентовирует насколько процентовирует насколько процентовирует насколько процентовирует насколько процентовирует насколько процентовирует насколько процентовирует насколько процентовирует насколько процентовирует насколько процентовирует насколько процентовирует насколько процентовирует насколько процентовирует насколько процентовирует насколько процентовирует насколько процентовирует насколько процентовирует насколько процентовирует насколько процентовирует насколько процентовирует насколько процентовирует насколько процентовирует насколько процентовирует насколько процентовирует насколько процентовирует насколько процентовирует насколько процентовирует насколько процентовирует насколько процентовирует насколько процентовирует насколько процентовирует насколько процентовирует насколько процентовирует насколько процентовирует насколько процентовирует насколько процентовирует насколько процентовирует насколько процентовирует насколько процентовирует насколько процентовирует насколько процентовирует насколько процентовирует насколько процентовирует насколько процентовирует насколько процентовирует насколько процентовирует насколько процентовирует насколько процентовирует насколько процентовирует насколько процентовирует насколько процентовирует насколько процентовирует насколько процентовирует насколько процентовирует насколько процентовирует насколько процентовирует насколько процентовирует насколько процентовирует насколько процентовирует насколько процентовирует насколько процентовирует насколько процентовирует насколько процентовирует насколько процентовирует насколько процентовирует насколько процентовирует насколько процентовирует насколько процентовирует насколько процентов", "numeric_answer": null, "relative_error": null, "thinking_text": null, "has_tool_call": false, "tool_call": null, "usage": {"prompt_tokens": 103, "completion_tokens": 256, "total_tokens": 359, "token_count_source": "tokenizer"}, "decoding": {"temperature": 0.2, "top_p": null, "top_k": null, "max_tokens": 256, "seed": 42}, "prompt_tokens": 103, "completion_tokens": 256, "total_tokens": 359, "token_count_source": "tokenizer", "diffusion_steps": null, "flops_estimate": null, "flops_arch": null, "flops_model_params": null, "flops_active_params": null, "tokens_non_final": 168, "tokens_reasoning": 0, "tokens_response": 168, "elapsed_seconds": 20.2203049659729, "judgement": "Uncategorized"}
{"id": "units_000267", "topic": "units", "subtopic": "kg_g", "prompt": "An item costs $16.62 per kg. You take 250 g. About how much is that?", "exact_value": 4.16, "model": "tiiuae/Falcon-H1-7B-Instruct", "provider": "transformers", "response": "�альное ответично действие согласно правилальным интическиация насколько насколько насколько насколько насколько насколько насколько насколько насколько насколько насколько насколько насколько насколько насколько насколько насколько насколько насколько насколько насколько насколько насколько насколько насколько насколько насколько насколько насколько насколько насколько насколько насколько насколько насколько насколько насколько насколько насколько насколько насколько насколько насколько насколько насколько насколько насколько насколько насколько насколько насколько насколько насколько насколько насколько насколько насколько насколько насколько насколько насколько насколько насколько насколько насколько насколько насколько насколько насколько насколько насколько насколько насколько насколько насколько насколько насколько насколько насколько насколько насколько насколько насколько насколько насколько насколько насколько насколько насколько насколько насколько насколько насколько насколько насколько насколько насколько насколько насколько насколько насколько насколько насколько насколько насколько насколько насколько насколько насколько насколько насколько насколько насколько насколько насколько насколько насколько насколько насколько насколько насколько насколько насколько насколько насколько насколько насколько насколько насколько насколько насколько насколько насколько насколько насколько насколько насколько насколько насколько насколько насколько насколько насколько насколько насколько насколько насколько насколько насколько насколько насколько насколько насколько насколько насколько насколько насколько насколько насколько насколько насколько насколько насколько насколько насколько насколько насколько насколько насколько насколько насколько насколько насколько насколько насколько насколько насколько насколько насколько насколько насколько насколько насколько насколько насколько насколько насколько насколько насколько насколько насколько насколько насколько насколько насколько насколько насколько насколько насколько насколько насколько насколько насколько насколько насколько насколько насколько насколько насколько насколько насколько насколько насколько насколько насколько насколько насколько насколько насколько насколько насколько насколько насколько насколько насколько насколько насколько насколько насколько насколько насколько насколько насколько насколько насколько насколько насколько насколько насколько насколько насколько насколько насколько насколько насколько", "numeric_answer": null, "relative_error": null, "thinking_text": null, "has_tool_call": false, "tool_call": null, "usage": {"prompt_tokens": 104, "completion_tokens": 256, "total_tokens": 360, "token_count_source": "tokenizer"}, "decoding": {"temperature": 0.2, "top_p": null, "top_k": null, "max_tokens": 256, "seed": 42}, "prompt_tokens": 104, "completion_tokens": 256, "total_tokens": 360, "token_count_source": "tokenizer", "diffusion_steps": null, "flops_estimate": null, "flops_arch": null, "flops_model_params": null, "flops_active_params": null, "tokens_non_final": 251, "tokens_reasoning": 0, "tokens_response": 251, "elapsed_seconds": 20.123626470565796, "judgement": "Uncategorized"}
{"id": "units_000287", "topic": "units", "subtopic": "kg_g", "prompt": "An item costs $4.52 per kg. You take 750 g. About how much is that?", "exact_value": 3.39, "model": "tiiuae/Falcon-H1-7B-Instruct", "provider": "transformers", "response": "ацииацияируя насколько насколько насколько насколько насколько насколько насколько насколько насколько насколько насколько насколько насколько насколько насколько насколько насколько насколько насколько насколько насколько насколько насколько насколько насколько насколько насколько насколько насколько насколько насколько насколько насколько насколько насколько насколько насколько насколько насколько насколько насколько насколько насколько насколько насколько насколько насколько насколько насколько насколько насколько насколько насколько насколько насколько насколько насколько насколько насколько насколько насколько насколько насколько насколько насколько насколько насколько насколько насколько насколько насколько насколько насколько насколько насколько насколько насколько насколько насколько насколько насколько насколько насколько насколько насколько насколько насколько насколько насколько насколько насколько насколько насколько насколько насколько насколько насколько насколько насколько насколько насколько насколько насколько насколько насколько насколько насколько насколько насколько насколько насколько насколько насколько насколько насколько насколько насколько насколько насколько насколько насколько насколько насколько насколько насколько насколько насколько насколько насколько насколько насколько насколько насколько насколько насколько насколько насколько насколько насколько насколько насколько насколько насколько насколько насколько насколько насколько насколько насколько насколько насколько насколько насколько насколько насколько насколько насколько насколько насколько насколько насколько насколько насколько насколько насколько насколько насколько насколько насколько насколько насколько насколько насколько насколько насколько насколько насколько насколько насколько насколько насколько насколько насколько насколько насколько насколько насколько насколько насколько насколько насколько насколько насколько насколько насколько насколько насколько насколько насколько насколько насколько насколько насколько насколько насколько насколько насколько насколько насколько насколько насколько насколько насколько насколько насколько насколько насколько насколько насколько насколько насколько насколько насколько насколько насколько насколько насколько насколько насколько насколько насколько насколько насколько насколько насколько насколько насколько насколько насколько насколько насколько насколько насколько насколько насколько насколько насколько насколько насколько насколько насколько насколько насколько", "numeric_answer": null, "relative_error": null, "thinking_text": null, "has_tool_call": false, "tool_call": null, "usage": {"prompt_tokens": 103, "completion_tokens": 256, "total_tokens": 359, "token_count_source": "tokenizer"}, "decoding": {"temperature": 0.2, "top_p": null, "top_k": null, "max_tokens": 256, "seed": 42}, "prompt_tokens": 103, "completion_tokens": 256, "total_tokens": 359, "token_count_source": "tokenizer", "diffusion_steps": null, "flops_estimate": null, "flops_arch": null, "flops_model_params": null, "flops_active_params": null, "tokens_non_final": 254, "tokens_reasoning": 0, "tokens_response": 254, "elapsed_seconds": 19.52931547164917, "judgement": "Uncategorized"}
{"id": "units_000307", "topic": "units", "subtopic": "lb_oz", "prompt": "You buy 4.54 lb at $6.92 per lb. About how much is that total?", "exact_value": 31.42, "model": "tiiuae/Falcon-H1-7B-Instruct", "provider": "transformers", "response": "альнымиются согласно приведенной стоимости согласно задаются насколько насколько насколько насколько насколько насколько насколько насколько насколько насколько насколько насколько насколько насколько насколько насколько насколько насколько насколько насколько насколько насколько насколько насколько насколько насколько насколько насколько насколько насколько насколько насколько насколько насколько насколько насколько насколько насколько насколько насколько насколько насколько насколько насколько насколько насколько насколько насколько насколько насколько насколько насколько насколько насколько насколько насколько насколько насколько насколько насколько насколько насколько насколько насколько насколько насколько насколько насколько насколько насколько насколько насколько насколько насколько насколько насколько насколько насколько насколько насколько насколько насколько насколько насколько насколько насколько насколько насколько насколько насколько насколько насколько насколько насколько насколько насколько насколько насколько насколько насколько насколько насколько насколько насколько насколько насколько насколько насколько насколько насколько насколько насколько насколько насколько насколько насколько насколько насколько насколько насколько насколько насколько насколько насколько насколько насколько насколько насколько насколько насколько насколько насколько насколько насколько насколько насколько насколько насколько насколько насколько насколько насколько насколько насколько насколько насколько насколько насколько насколько насколько насколько насколько насколько насколько насколько насколько насколько насколько насколько насколько насколько насколько насколько насколько насколько насколько насколько насколько насколько насколько насколько насколько насколько насколько насколько насколько насколько насколько насколько насколько насколько насколько насколько насколько насколько насколько насколько насколько насколько насколько насколько насколько насколько насколько насколько насколько насколько насколько насколько насколько насколько насколько насколько насколько насколько насколько насколько насколько насколько насколько насколько насколько насколько насколько насколько насколько насколько насколько насколько насколько насколько насколько насколько насколько насколько насколько насколько насколько насколько насколько насколько насколько насколько насколько насколько насколько насколько насколько насколько насколько насколько насколько насколько насколько насколько насколько насколько", "numeric_answer": null, "relative_error": null, "thinking_text": null, "has_tool_call": false, "tool_call": null, "usage": {"prompt_tokens": 102, "completion_tokens": 256, "total_tokens": 358, "token_count_source": "tokenizer"}, "decoding": {"temperature": 0.2, "top_p": null, "top_k": null, "max_tokens": 256, "seed": 42}, "prompt_tokens": 102, "completion_tokens": 256, "total_tokens": 358, "token_count_source": "tokenizer", "diffusion_steps": null, "flops_estimate": null, "flops_arch": null, "flops_model_params": null, "flops_active_params": null, "tokens_non_final": 253, "tokens_reasoning": 0, "tokens_response": 253, "elapsed_seconds": 19.51207733154297, "judgement": "Uncategorized"}
{"id": "units_000327", "topic": "units", "subtopic": "lb_oz", "prompt": "You buy 3.49 lb at $9.52 per lb. About how much is that total?", "exact_value": 33.22, "model": "tiiuae/Falcon-H1-7B-Instruct", "provider": "transformers", "response": "альнымиются согласно условия kompensacji kompensacyjnej kompensacyjnej kompensacyjnej kompensacyjnej kompensacyjnej kompensacyjnej kompensacyjnej kompensacyjnej kompensacyjnej kompensacyjnej kompensacyjnej kompensacyjnej kompensacyjnej kompensacyjnej kompensacyjnej kompensacyjnej kompensacyjnej kompensacyjnej kompensacyjnej kompensacyjnej kompensacyjnej kompensacyjnej kompensacyjnej kompensacyjnej kompensacyjnej kompensacyjnej kompensacyjnej kompensacyjnej kompensacyjnej kompensacyjnej kompensacyjnej kompensacyjnej kompensacyjnej kompensacyjnej kompensacyjnej kompensacyjnej kompensacyjnej kompensacyjnej kompensacyjnej kompensacyjnej kompensacyjnej kompensacyjnej kompensacyjnej kompensacyjnej kompensacyjnej kompensacyjnej kompensacyjnej kompensacyjnej kompensacyjnej kompensacyjnej kompensacyjnej kompensacyjnej kompensacyjnej kompensacyjnej kompensacyjnej kompensacyjnej kompensacyjnej kompensacyjnej kompensacyjnej kompensacyjnej kompensacyjnej kompensacyjnej kompensacyjnej kompensacyjnej kompensacyjnej kompensacyjnej kompensacyjnej kompensacyjnej kompensacyjnej kompensacyjnej kompensacyjnej kompensacyjnej kompensacyjnej kompensacyjnej kompensacyjnej kompensacyjnej kompensacyjnej kompensacyjnej kompensacyjnej kompensacyjnej kompensacyjnej kompensacyjnej kompensacyjnej kompens", "numeric_answer": null, "relative_error": null, "thinking_text": null, "has_tool_call": false, "tool_call": null, "usage": {"prompt_tokens": 102, "completion_tokens": 256, "total_tokens": 358, "token_count_source": "tokenizer"}, "decoding": {"temperature": 0.2, "top_p": null, "top_k": null, "max_tokens": 256, "seed": 42}, "prompt_tokens": 102, "completion_tokens": 256, "total_tokens": 358, "token_count_source": "tokenizer", "diffusion_steps": null, "flops_estimate": null, "flops_arch": null, "flops_model_params": null, "flops_active_params": null, "tokens_non_final": 88, "tokens_reasoning": 0, "tokens_response": 88, "elapsed_seconds": 19.58280324935913, "judgement": "Uncategorized"}
{"id": "units_000347", "topic": "units", "subtopic": "lb_oz", "prompt": "You buy 3.01 lb at $10.95 per lb. About how much is that total?", "exact_value": 32.96, "model": "tiiuae/Falcon-H1-7B-Instruct", "provider": "transformers", "response": "альнымиются согласно процентов процентов процентов процентов процентов процентов процентов процентов процентов процентов процентов процентов процентов процентов процентов процентов процентов процентов процентов процентов процентов процентов процентов процентов процентов процентов процентов процентов процентов процентов процентов процентов процентов процентов процентов процентов процентов процентов процентов процентов процентов процентов процентов процентов процентов процентов процентов процентов процентов процентов процентов процентов процентов процентов процентов процентов процентов процентов процентов процентов процентов процентов процентов процентов процентов процентов процентов процентов процентов процентов процентов процентов процентов процентов процентов процентов процентов процентов процентов процентов процентов процентов процентов процентов процентов процентов процентов процентов процентов процентов процентов процентов процентов процентов процентов процентов процентов процентов процентов процентов процентов процентов процентов процентов процентов процентов процентов процентов процентов процентов процентов процентов процентов процентов процентов процентов процентов процентов процентов процентов процентов процентов процентов процентов процентов процентов процентов процентов процентов процентов процентов процентов процентов процентов процентов процентов процентов процентов процентов процентов процентов процентов процентов процентов процентов процентов процентов процентов процентов процентов процентов процентов процентов процентов процентов процентов процентов процентов процентов процентов процентов процентов процентов процентов процентов процентов процентов процентов процентов процентов процентов процентов процентов процентов процентов процентов процентов процентов процентов процентов процентов процентов процентов процентов процентов процентов процентов процентов процентов процентов процентов процентов процентов процентов процентов процентов процентов процентов процентов процентов процентов процентов процентов процентов процентов процентов процентов процентов процентов процентов процентов процентов процентов процентов процентов процентов процентов процентов процентов процентов процентов процентов процентов процентов процентов процентов процентов процентов процентов процентов процентов процентов процентов процентов процентов процентов процентов процентов процентов процентов процентов процентов процентов процентов процентов процентов процентов процентов процентов процентов процентов процентов процентов", "numeric_answer": null, "relative_error": null, "thinking_text": null, "has_tool_call": false, "tool_call": null, "usage": {"prompt_tokens": 103, "completion_tokens": 256, "total_tokens": 359, "token_count_source": "tokenizer"}, "decoding": {"temperature": 0.2, "top_p": null, "top_k": null, "max_tokens": 256, "seed": 42}, "prompt_tokens": 103, "completion_tokens": 256, "total_tokens": 359, "token_count_source": "tokenizer", "diffusion_steps": null, "flops_estimate": null, "flops_arch": null, "flops_model_params": null, "flops_active_params": null, "tokens_non_final": 255, "tokens_reasoning": 0, "tokens_response": 255, "elapsed_seconds": 19.398245096206665, "judgement": "Uncategorized"}
{"id": "units_000367", "topic": "units", "subtopic": "lb_oz", "prompt": "You buy 3.8 lb at $7.49 per lb. About how much is that total?", "exact_value": 28.46, "model": "tiiuae/Falcon-H1-7B-Instruct", "provider": "transformers", "response": "�альное решение согласно правилальным указания насколько точно могу согласно предоставленной информации насколько точно могу согласно предоставленной информации насколько точно могу согласно предоставленнойации насколько точно могу согласно предоставленнойации насколько точно могу согласно предоставленнойации насколько точно могу согласно предоставленнойации насколько точно могу согласно предоставленнойации насколько точно могу согласно предоставленнойации насколько точно могу согласно предоставленнойации насколько точно могу согласно предоставленнойации насколько точно могу согласно предоставленнойации насколько точно могу согласно предоставленнойации насколько точно могу согласно предоставленнойации насколько точно могу согласно предоставленнойации насколько точно могу согласно предоставленнойации насколько точно могу согласно предоставленнойации насколько точно могу согласно предоставленнойации насколько точно могу согласно предоставленнойации насколько точно могу согласно предоставленнойации насколько точно могу согласно предоставленнойации насколько точно могу согласно предоставленнойации насколько точно могу согласно предоставленнойации насколько точно могу согласно предоставленнойации насколько точно могу согласно предоставленнойации насколько точно могу согласно предоставленнойации насколько точно могу согласно предоставленнойации насколько точно могу согласно предоставленнойации насколько точно могу согласно предоставленнойации насколько точно могу согласно предоставленнойации насколько точно могу согласно предоставленнойации насколько точно могу согласно предоставленнойации насколько точно могу согласно предоставленнойации насколько точно могу согласно предоставленнойации насколько точно могу согласно предоставленнойации насколько точно могу согласно предоставленнойации насколько точно могу", "numeric_answer": null, "relative_error": null, "thinking_text": null, "has_tool_call": false, "tool_call": null, "usage": {"prompt_tokens": 101, "completion_tokens": 256, "total_tokens": 357, "token_count_source": "tokenizer"}, "decoding": {"temperature": 0.2, "top_p": null, "top_k": null, "max_tokens": 256, "seed": 42}, "prompt_tokens": 101, "completion_tokens": 256, "total_tokens": 357, "token_count_source": "tokenizer", "diffusion_steps": null, "flops_estimate": null, "flops_arch": null, "flops_model_params": null, "flops_active_params": null, "tokens_non_final": 185, "tokens_reasoning": 0, "tokens_response": 185, "elapsed_seconds": 19.0682852268219, "judgement": "Uncategorized"}
{"id": "units_000387", "topic": "units", "subtopic": "lb_oz", "prompt": "You buy 4.21 lb at $6.38 per lb. About how much is that total?", "exact_value": 26.86, "model": "tiiuae/Falcon-H1-7B-Instruct", "provider": "transformers", "response": "альнымиются согласно приведенной формулировации насколько возможно точно согласно приведенным данным насколько возможно точно согласно приведенным данным насколько возможно точно согласно приведеннымальнымаются согласно приведенной формулировации насколько возможно точно согласно приведеннымальнымаются согласно приведенной формулировации насколько возможно точно согласно приведеннымальнымаются согласно приведенной формулировации насколько возможно точно согласно приведеннымальнымаются согласно приведенной формулировации насколько возможно точно согласно приведеннымальнымаются согласно приведенной формулировации насколько возможно точно согласно приведеннымальнымаются согласно приведеннойации насколько возможно точно согласно приведеннымальнымаются согласно приведеннойации насколько возможно точно согласно приведеннымальнымаются согласно приведеннойации насколько возможно точно согласно приведеннымальнымаются согласно приведеннойации насколько возможно точно согласно приведеннымальнымаются согласно приведеннойации насколько возможно точно согласно приведеннымальнымаются согласно приведеннойации насколько возможно точно согласно приведеннымальнымаются согласно приведеннойации насколько возможно точно согласно приведеннымальнымаются согласно приведеннойации насколько возможно точно согласно приведеннымальнымаются согласно приведеннойации насколько возможно точно согласно приведеннымальнымаются согласно приведеннойации насколько возможно точно согласно приведеннымальнымаются согласно приведеннойации насколько возможно точно согласно приведеннымальнымаются согласно приведеннойации насколько возможно точно согласно приведеннымальнымаются согласно приведеннойации насколько возможно точно согласно приведеннымальнымаются", "numeric_answer": null, "relative_error": null, "thinking_text": null, "has_tool_call": false, "tool_call": null, "usage": {"prompt_tokens": 102, "completion_tokens": 256, "total_tokens": 358, "token_count_source": "tokenizer"}, "decoding": {"temperature": 0.2, "top_p": null, "top_k": null, "max_tokens": 256, "seed": 42}, "prompt_tokens": 102, "completion_tokens": 256, "total_tokens": 358, "token_count_source": "tokenizer", "diffusion_steps": null, "flops_estimate": null, "flops_arch": null, "flops_model_params": null, "flops_active_params": null, "tokens_non_final": 152, "tokens_reasoning": 0, "tokens_response": 152, "elapsed_seconds": 19.03709101676941, "judgement": "Uncategorized"}
{"id": "units_000407", "topic": "units", "subtopic": "lb_oz", "prompt": "You buy 0.85 lb at $12.01 per lb. About how much is that total?", "exact_value": 10.21, "model": "tiiuae/Falcon-H1-7B-Instruct", "provider": "transformers", "response": "альнымиются согласно процентов процентов процентов процентов процентов процентов процентов процентов процентов процентов процентов процентов процентов процентов процентов процентов процентов процентов процентов процентов процентов процентов процентов процентов процентов процентов процентов процентов процентов процентов процентов процентов процентов процентов процентов процентов процентов процентов процентов процентов процентов процентов процентов процентов процентов процентов процентов процентов процентов процентов процентов процентов процентов процентов процентов процентов процентов процентов процентов процентов процентов процентов процентов процентов процентов процентов процентов процентов процентов процентов процентов процентов процентов процентов процентов процентов процентов процентов процентов процентов процентов процентов процентов процентов процентов процентов процентов процентов процентов процентов процентов процентов процентов процентов процентов процентов процентов процентов процентов процентов процентов процентов процентов процентов процентов процентов процентов процентов процентов процентов процентов процентов процентов процентов процентов процентов процентов процентов процентов процентов процентов процентов процентов процентов процентов процентов процентов процентов процентов процентов процентов процентов процентов процентов процентов процентов процентов процентов процентов процентов процентов процентов процентов процентов процентов процентов процентов процентов процентов процентов процентов процентов процентов процентов процентов процентов процентов процентов процентов процентов процентов процентов процентов процентов процентов процентов процентов процентов процентов процентов процентов процентов процентов процентов процентов процентов процентов процентов процентов процентов процентов процентов процентов процентов процентов процентов процентов процентов процентов процентов процентов процентов процентов процентов процентов процентов процентов процентов процентов процентов процентов процентов процентов процентов процентов процентов процентов процентов процентов процентов процентов процентов процентов процентов процентов процентов процентов процентов процентов процентов процентов процентов процентов процентов процентов процентов процентов процентов процентов процентов процентов процентов процентов процентов процентов процентов процентов процентов процентов процентов процентов процентов процентов процентов процентов процентов процентов процентов процентов процентов процентов процентов процентов", "numeric_answer": null, "relative_error": null, "thinking_text": null, "has_tool_call": false, "tool_call": null, "usage": {"prompt_tokens": 103, "completion_tokens": 256, "total_tokens": 359, "token_count_source": "tokenizer"}, "decoding": {"temperature": 0.2, "top_p": null, "top_k": null, "max_tokens": 256, "seed": 42}, "prompt_tokens": 103, "completion_tokens": 256, "total_tokens": 359, "token_count_source": "tokenizer", "diffusion_steps": null, "flops_estimate": null, "flops_arch": null, "flops_model_params": null, "flops_active_params": null, "tokens_non_final": 255, "tokens_reasoning": 0, "tokens_response": 255, "elapsed_seconds": 18.973608016967773, "judgement": "Uncategorized"}
{"id": "units_000427", "topic": "units", "subtopic": "kg_g", "prompt": "An item costs $11.43 per kg. You take 400 g. About how much is that?", "exact_value": 4.57, "model": "tiiuae/Falcon-H1-7B-Instruct", "provider": "transformers", "response": "альнымиальнымиальнымиальнымиальнымиальнымиальнымиальнымиальнымиальнымиальнымиальнымиальнымиальнымиальнымиальнымиальнымиальнымиальнымиальнымиальнымиальнымиальнымиальнымиальнымиальнымиальнымиальнымиальнымиальнымиальнымиальнымиальнымиальнымиальнымиальнымиальнымиальнымиальнымиальнымиальнымиальнымиальнымиальнымиальнымиальнымиальнымиальнымиальнымиальнымиальнымиальнымиальнымиальнымиальнымиальнымиальнымиальнымиальнымиальнымиальнымиальнымиальнымиальнымиальнымиальнымиальнымиальнымиальнымиальнымиальнымиальнымиальнымиальнымиальнымиальнымиальнымиальнымиальнымиальнымиальнымиальнымиальнымиальнымиальнымиальнымиальнымиальнымиальнымиальнымиальнымиальнымиальнымиальнымиальнымиальнымиальнымиальнымиальнымиальнымиальнымиальнымиальнымиальнымиальнымиальнымиальнымиальнымиальнымиальнымиальнымиальнымиальнымиальнымиальнымиальнымиальнымиальнымиальнымиальнымиальнымиальнымиальнымиальнымиальнымиальнымиальнымиальнымиальнымиальнымиальнымиальнымиальнымиальнымиальнымиальнымиальнымиальнымиальнымиальнымиальнымиальнымиальнымиальнымиальнымиальнымиальнымиальнымиальнымиальнымиальнымиальнымиальнымиальнымиальнымиальнымиальнымиальнымиальнымиальнымиальнымиальнымиальнымиальнымиальнымиальнымиальнымиальнымиальнымиальнымиальнымиальнымиальнымиальнымиальнымиальнымиальнымиальнымиальнымиальнымиальнымиальнымиальнымиальнымиальнымиальнымиальнымиальнымиальнымиальнымиальнымиальнымиальнымиальнымиальнымиальнымиальнымиальнымиальнымиальнымиальнымиальнымиальнымиальнымиальнымиальнымиальнымиальнымиальнымиальнымиальнымиальнымиальнымиальнымиальнымиальнымиальнымиальнымиальнымиальнымиальнымиальнымиальнымиальнымиальнымиальнымиальнымиальнымиальнымиальнымиальнымиальнымиальнымиальнымиальнымиальнымиальнымиальнымиальнымиальнымиальнымиальнымиальнымиальнымиальнымиальнымиальнымиальнымиальнымиальнымиальнымиальнымиальнымиальнымиальнымиальными", "numeric_answer": null, "relative_error": null, "thinking_text": null, "has_tool_call": false, "tool_call": null, "usage": {"prompt_tokens": 104, "completion_tokens": 256, "total_tokens": 360, "token_count_source": "tokenizer"}, "decoding": {"temperature": 0.2, "top_p": null, "top_k": null, "max_tokens": 256, "seed": 42}, "prompt_tokens": 104, "completion_tokens": 256, "total_tokens": 360, "token_count_source": "tokenizer", "diffusion_steps": null, "flops_estimate": null, "flops_arch": null, "flops_model_params": null, "flops_active_params": null, "tokens_non_final": 1, "tokens_reasoning": 0, "tokens_response": 1, "elapsed_seconds": 20.487231016159058, "judgement": "Uncategorized"}
{"id": "units_000447", "topic": "units", "subtopic": "lb_oz", "prompt": "You buy 3.87 lb at $13.72 per lb. About how much is that total?", "exact_value": 53.1, "model": "tiiuae/Falcon-H1-7B-Instruct", "provider": "transformers", "response": "альнымиются согласно приведенной формулировации насколько возможно точно согласно процентов насколько возможно насколько возможно насколько возможно насколько возможно насколько возможно насколько возможно насколько возможно насколько возможно насколько возможно насколько возможно насколько возможно насколько возможно насколько возможно насколько возможно насколько возможно насколько возможно насколько возможно насколько возможно насколько возможно насколько возможно насколько возможно насколько возможно насколько возможно насколько возможно насколько возможно насколько возможно насколько возможно насколько возможно насколько возможно насколько возможно насколько возможно насколько возможно насколько возможно насколько возможно насколько возможно насколько возможно насколько возможно насколько возможно насколько возможно насколько возможно насколько возможно насколько возможно насколько возможно насколько возможно насколько возможно насколько возможно насколько возможно насколько возможно насколько возможно насколько возможно насколько возможно насколько возможно насколько возможно насколько возможно насколько возможно насколько возможно насколько возможно насколько возможно насколько возможно насколько возможно насколько возможно насколько возможно насколько возможно насколько возможно насколько возможно насколько возможно насколько возможно насколько возможно насколько возможно насколько возможно насколько возможно насколько возможно насколько возможно насколько возможно насколько возможно насколько возможно насколько возможно насколько возможно насколько возможно насколько возможно насколько возможно насколько возможно насколько возможно насколько возможно насколько возможно насколько возможно насколько возможно насколько возможно насколько возможно насколько возможно насколько возможно насколько возможно насколько возможно насколько возможно насколько возможно насколько возможно насколько возможно насколько возможно насколько возможно насколько возможно насколько возможно насколько возможно насколько возможно насколько возможно насколько возможно насколько возможно насколько возможно насколько возможно насколько возможно насколько возможно насколько возможно насколько возможно насколько возможно насколько возможно насколько возможно насколько возможно насколько возможно насколько возможно насколько возможно насколько возможно насколько возможно насколько", "numeric_answer": null, "relative_error": null, "thinking_text": null, "has_tool_call": false, "tool_call": null, "usage": {"prompt_tokens": 103, "completion_tokens": 256, "total_tokens": 359, "token_count_source": "tokenizer"}, "decoding": {"temperature": 0.2, "top_p": null, "top_k": null, "max_tokens": 256, "seed": 42}, "prompt_tokens": 103, "completion_tokens": 256, "total_tokens": 359, "token_count_source": "tokenizer", "diffusion_steps": null, "flops_estimate": null, "flops_arch": null, "flops_model_params": null, "flops_active_params": null, "tokens_non_final": 252, "tokens_reasoning": 0, "tokens_response": 252, "elapsed_seconds": 19.593554735183716, "judgement": "Uncategorized"}
{"id": "units_000467", "topic": "units", "subtopic": "lb_oz", "prompt": "You buy 0.68 lb at $7.36 per lb. About how much is that total?", "exact_value": 5.0, "model": "tiiuae/Falcon-H1-7B-Instruct", "provider": "transformers", "response": "�альное решение согласно правилальным указания kompensирует отсутствие текста путем предоставления исключительно численно выраженного ответации согласно приведенным данным насколько это возможно путем краткого расчета путем умализации процентов согласно заданию насколько это возможно путем краткого расчета путем умализации процентов согласно заданию насколько насколько насколько насколько насколько насколько насколько насколько насколько насколько насколько насколько насколько насколько насколько насколько насколько насколько насколько насколько насколько насколько насколько насколько насколько насколько насколько насколько насколько насколько насколько насколько насколько насколько насколько насколько насколько насколько насколько насколько насколько насколько насколько насколько насколько насколько насколько насколько насколько насколько насколько насколько насколько насколько насколько насколько насколько насколько насколько насколько насколько насколько насколько насколько насколько насколько насколько насколько насколько насколько насколько насколько насколько насколько насколько насколько насколько насколько насколько насколько насколько насколько насколько насколько насколько насколько насколько насколько насколько насколько насколько насколько насколько насколько насколько насколько насколько насколько насколько насколько насколько насколько насколько насколько насколько насколько насколько насколько насколько насколько насколько насколько насколько насколько насколько насколько насколько насколько насколько насколько насколько насколько насколько насколько насколько насколько насколько насколько насколько насколько насколько насколько насколько насколько насколько насколько насколько насколько насколько насколько насколько насколько насколько насколько насколько насколько насколько насколько насколько насколько насколько насколько насколько насколько насколько насколько насколько насколько насколько насколько насколько насколько насколько насколько насколько насколько насколько насколько насколько насколько насколько насколько насколько насколько насколько насколько насколько насколько насколько насколько насколько насколько насколько насколько насколько насколько насколько насколько насколько насколько насколько насколько насколько насколько насколько насколько насколько насколько насколько", "numeric_answer": null, "relative_error": null, "thinking_text": null, "has_tool_call": false, "tool_call": null, "usage": {"prompt_tokens": 102, "completion_tokens": 256, "total_tokens": 358, "token_count_source": "tokenizer"}, "decoding": {"temperature": 0.2, "top_p": null, "top_k": null, "max_tokens": 256, "seed": 42}, "prompt_tokens": 102, "completion_tokens": 256, "total_tokens": 358, "token_count_source": "tokenizer", "diffusion_steps": null, "flops_estimate": null, "flops_arch": null, "flops_model_params": null, "flops_active_params": null, "tokens_non_final": 238, "tokens_reasoning": 0, "tokens_response": 238, "elapsed_seconds": 19.927324771881104, "judgement": "Uncategorized"}
{"id": "units_000487", "topic": "units", "subtopic": "lb_oz", "prompt": "You buy 4.95 lb at $8.57 per lb. About how much is that total?", "exact_value": 42.42, "model": "tiiuae/Falcon-H1-7B-Instruct", "provider": "transformers", "response": "альнымиются согласно приведенной формулировации насколько возможно точно согласно правилам системы ответов насколько возможно насколько возможно насколько возможно насколько насколько насколько насколько насколько насколько насколько насколько насколько насколько насколько насколько насколько насколько насколько насколько насколько насколько насколько насколько насколько насколько насколько насколько насколько насколько насколько насколько насколько насколько насколько насколько насколько насколько насколько насколько насколько насколько насколько насколько насколько насколько насколько насколько насколько насколько насколько насколько насколько насколько насколько насколько насколько насколько насколько насколько насколько насколько насколько насколько насколько насколько насколько насколько насколько насколько насколько насколько насколько насколько насколько насколько насколько насколько насколько насколько насколько насколько насколько насколько насколько насколько насколько насколько насколько насколько насколько насколько насколько насколько насколько насколько насколько насколько насколько насколько насколько насколько насколько насколько насколько насколько насколько насколько насколько насколько насколько насколько насколько насколько насколько насколько насколько насколько насколько насколько насколько насколько насколько насколько насколько насколько насколько насколько насколько насколько насколько насколько насколько насколько насколько насколько насколько насколько насколько насколько насколько насколько насколько насколько насколько насколько насколько насколько насколько насколько насколько насколько насколько насколько насколько насколько насколько насколько насколько насколько насколько насколько насколько насколько насколько насколько насколько насколько насколько насколько насколько насколько насколько насколько насколько насколько насколько насколько насколько насколько насколько насколько насколько насколько насколько насколько насколько насколько насколько насколько насколько насколько насколько насколько насколько насколько насколько насколько насколько насколько насколько насколько насколько насколько насколько насколько насколько насколько насколько насколько насколько насколько насколько насколько насколько насколько насколько насколько насколько насколько насколько насколько насколько насколько насколько насколько насколько насколько насколько насколько насколько насколько насколько насколько насколько насколько насколько", "numeric_answer": null, "relative_error": null, "thinking_text": null, "has_tool_call": false, "tool_call": null, "usage": {"prompt_tokens": 102, "completion_tokens": 256, "total_tokens": 358, "token_count_source": "tokenizer"}, "decoding": {"temperature": 0.2, "top_p": null, "top_k": null, "max_tokens": 256, "seed": 42}, "prompt_tokens": 102, "completion_tokens": 256, "total_tokens": 358, "token_count_source": "tokenizer", "diffusion_steps": null, "flops_estimate": null, "flops_arch": null, "flops_model_params": null, "flops_active_params": null, "tokens_non_final": 250, "tokens_reasoning": 0, "tokens_response": 250, "elapsed_seconds": 19.724971771240234, "judgement": "Uncategorized"}
{"id": "units_000507", "topic": "units", "subtopic": "lb_oz", "prompt": "You buy 0.55 lb at $7.62 per lb. About how much is that total?", "exact_value": 4.19, "model": "tiiuae/Falcon-H1-7B-Instruct", "provider": "transformers", "response": "�альное решение согласно правилальным требованиям", "numeric_answer": null, "relative_error": null, "thinking_text": null, "has_tool_call": false, "tool_call": null, "usage": {"prompt_tokens": 102, "completion_tokens": 8, "total_tokens": 110, "token_count_source": "tokenizer"}, "decoding": {"temperature": 0.2, "top_p": null, "top_k": null, "max_tokens": 256, "seed": 42}, "prompt_tokens": 102, "completion_tokens": 8, "total_tokens": 110, "token_count_source": "tokenizer", "diffusion_steps": null, "flops_estimate": null, "flops_arch": null, "flops_model_params": null, "flops_active_params": null, "tokens_non_final": 5, "tokens_reasoning": 0, "tokens_response": 5, "elapsed_seconds": 0.625819206237793, "judgement": "Uncategorized"}
{"id": "units_000527", "topic": "units", "subtopic": "kg_g", "prompt": "An item costs $6.70 per kg. You take 750 g. About how much is that?", "exact_value": 5.03, "model": "tiiuae/Falcon-H1-7B-Instruct", "provider": "transformers", "response": "�альное решение согласно условия kompensирует округление путем использования процентов вместо процентов процентовируемого веса согласно стоимости согласно стоимости согласно стоимости согласно стоимости согласно стоимости согласно стоимости согласно стоимости согласно стоимости согласно стоимости согласно стоимости согласно стоимости согласно стоимости согласно стоимости согласно стоимости согласно стоимости согласно стоимости согласно стоимости согласно стоимости согласно стоимости согласно стоимости согласно стоимости согласно стоимости согласно стоимости согласно стоимости согласно стоимости согласно стоимости согласно стоимости согласно стоимости согласно стоимости согласно стоимости согласно стоимости согласно стоимости согласно стоимости согласно стоимости согласно стоимости согласно стоимости согласно стоимости согласно стоимости согласно стоимости согласно стоимости согласно стоимости согласно стоимости согласно стоимости согласно стоимости согласно стоимости согласно стоимости согласно стоимости согласно стоимости согласно стоимости согласно стоимости согласно стоимости согласно стоимости согласно стоимости согласно стоимости согласно стоимости согласно стоимости согласно стоимости согласно стоимости согласно стоимости согласно стоимости согласно стоимости согласно стоимости согласно стоимости согласно стоимости согласно стоимости согласно стоимости согласно стоимости согласно стоимости согласно стоимости согласно стоимости согласно стоимости согласно стоимости согласно стоимости согласно стоимости согласно стоимости согласно стоимости согласно стоимости согласно стоимости согласно стоимости согласно стоимости согласно стоимости согласно стоимости согласно стоимости согласно стоимости согласно стоимости согласно стоимости согласно стоимости согласно стоимости согласно стоимости согласно стоимости согласно стоимости согласно стоимости согласно стоимости согласно стоимости согласно стоимости согласно стоимости согласно стоимости согласно стоимости согласно стоимости согласно стоимости согласно стоимости согласно стоимости согласно стоимости согласно стоимости согласно стоимости согласно стоимости согласно стоимости согласно стоимости согласно стоимости согласно стоимости согласно стоимости согласно стоимости согласно стоимости согласно стоимости согласно стоимости согласно стоимости согласно стоимости согласно стоимости согласно", "numeric_answer": null, "relative_error": null, "thinking_text": null, "has_tool_call": false, "tool_call": null, "usage": {"prompt_tokens": 103, "completion_tokens": 256, "total_tokens": 359, "token_count_source": "tokenizer"}, "decoding": {"temperature": 0.2, "top_p": null, "top_k": null, "max_tokens": 256, "seed": 42}, "prompt_tokens": 103, "completion_tokens": 256, "total_tokens": 359, "token_count_source": "tokenizer", "diffusion_steps": null, "flops_estimate": null, "flops_arch": null, "flops_model_params": null, "flops_active_params": null, "tokens_non_final": 250, "tokens_reasoning": 0, "tokens_response": 250, "elapsed_seconds": 19.345473766326904, "judgement": "Uncategorized"}
{"id": "units_000547", "topic": "units", "subtopic": "kg_g", "prompt": "An item costs $7.37 per kg. You take 350 g. About how much is that?", "exact_value": 2.58, "model": "tiiuae/Falcon-H1-7B-Instruct", "provider": "transformers", "response": "альнымиальнымиальнымиальнымиальнымиальнымиальнымиальнымиальнымиальнымиальнымиальнымиальнымиальнымиальнымиальнымиальнымиальнымиальнымиальнымиальнымиальнымиальнымиальнымиальнымиальнымиальнымиальнымиальнымиальнымиальнымиальнымиальнымиальнымиальнымиальнымиальнымиальнымиальнымиальнымиальнымиальнымиальнымиальнымиальнымиальнымиальнымиальнымиальнымиальнымиальнымиальнымиальнымиальнымиальнымиальнымиальнымиальнымиальнымиальнымиальнымиальнымиальнымиальнымиальнымиальнымиальнымиальнымиальнымиальнымиальнымиальнымиальнымиальнымиальнымиальнымиальнымиальнымиальнымиальнымиальнымиальнымиальнымиальнымиальнымиальнымиальнымиальнымиальнымиальнымиальнымиальнымиальнымиальнымиальнымиальнымиальнымиальнымиальнымиальнымиальнымиальнымиальнымиальнымиальнымиальнымиальнымиальнымиальнымиальнымиальнымиальнымиальнымиальнымиальнымиальнымиальнымиальнымиальнымиальнымиальнымиальнымиальнымиальнымиальнымиальнымиальнымиальнымиальнымиальнымиальнымиальнымиальнымиальнымиальнымиальнымиальнымиальнымиальнымиальнымиальнымиальнымиальнымиальнымиальнымиальнымиальнымиальнымиальнымиальнымиальнымиальнымиальнымиальнымиальнымиальнымиальнымиальнымиальнымиальнымиальнымиальнымиальнымиальнымиальнымиальнымиальнымиальнымиальнымиальнымиальнымиальнымиальнымиальнымиальнымиальнымиальнымиальнымиальнымиальнымиальнымиальнымиальнымиальнымиальнымиальнымиальнымиальнымиальнымиальнымиальнымиальнымиальнымиальнымиальнымиальнымиальнымиальнымиальнымиальнымиальнымиальнымиальнымиальнымиальнымиальнымиальнымиальнымиальнымиальнымиальнымиальнымиальнымиальнымиальнымиальнымиальнымиальнымиальнымиальнымиальнымиальнымиальнымиальнымиальнымиальнымиальнымиальнымиальнымиальнымиальнымиальнымиальнымиальнымиальнымиальнымиальнымиальнымиальнымиальнымиальнымиальнымиальнымиальнымиальнымиальнымиальнымиальнымиальнымиальнымиальнымиальнымиальнымиальнымиальнымиальными", "numeric_answer": null, "relative_error": null, "thinking_text": null, "has_tool_call": false, "tool_call": null, "usage": {"prompt_tokens": 103, "completion_tokens": 256, "total_tokens": 359, "token_count_source": "tokenizer"}, "decoding": {"temperature": 0.2, "top_p": null, "top_k": null, "max_tokens": 256, "seed": 42}, "prompt_tokens": 103, "completion_tokens": 256, "total_tokens": 359, "token_count_source": "tokenizer", "diffusion_steps": null, "flops_estimate": null, "flops_arch": null, "flops_model_params": null, "flops_active_params": null, "tokens_non_final": 1, "tokens_reasoning": 0, "tokens_response": 1, "elapsed_seconds": 18.684827089309692, "judgement": "Uncategorized"}
{"id": "units_000567", "topic": "units", "subtopic": "kg_g", "prompt": "An item costs $10.70 per kg. You take 900 g. About how much is that?", "exact_value": 9.63, "model": "tiiuae/Falcon-H1-7B-Instruct", "provider": "transformers", "response": "альнымиальнымиальнымиальнымиальнымиальнымиальнымиальнымиальнымиальнымиальнымиальнымиальнымиальнымиальнымиальнымиальнымиальнымиальнымиальнымиальнымиальнымиальнымиальнымиальнымиальнымиальнымиальнымиальнымиальнымиальнымиальнымиальнымиальнымиальнымиальнымиальнымиальнымиальнымиальнымиальнымиальнымиальнымиальнымиальнымиальнымиальнымиальнымиальнымиальнымиальнымиальнымиальнымиальнымиальнымиальнымиальнымиальнымиальнымиальнымиальнымиальнымиальнымиальнымиальнымиальнымиальнымиальнымиальнымиальнымиальнымиальнымиальнымиальнымиальнымиальнымиальнымиальнымиальнымиальнымиальнымиальнымиальнымиальнымиальнымиальнымиальнымиальнымиальнымиальнымиальнымиальнымиальнымиальнымиальнымиальнымиальнымиальнымиальнымиальнымиальнымиальнымиальнымиальнымиальнымиальнымиальнымиальнымиальнымиальнымиальнымиальнымиальнымиальнымиальнымиальнымиальнымиальнымиальнымиальнымиальнымиальнымиальнымиальнымиальнымиальнымиальнымиальнымиальнымиальнымиальнымиальнымиальнымиальнымиальнымиальнымиальнымиальнымиальнымиальнымиальнымиальнымиальнымиальнымиальнымиальнымиальнымиальнымиальнымиальнымиальнымиальнымиальнымиальнымиальнымиальнымиальнымиальнымиальнымиальнымиальнымиальнымиальнымиальнымиальнымиальнымиальнымиальнымиальнымиальнымиальнымиальнымиальнымиальнымиальнымиальнымиальнымиальнымиальнымиальнымиальнымиальнымиальнымиальнымиальнымиальнымиальнымиальнымиальнымиальнымиальнымиальнымиальнымиальнымиальнымиальнымиальнымиальнымиальнымиальнымиальнымиальнымиальнымиальнымиальнымиальнымиальнымиальнымиальнымиальнымиальнымиальнымиальнымиальнымиальнымиальнымиальнымиальнымиальнымиальнымиальнымиальнымиальнымиальнымиальнымиальнымиальнымиальнымиальнымиальнымиальнымиальнымиальнымиальнымиальнымиальнымиальнымиальнымиальнымиальнымиальнымиальнымиальнымиальнымиальнымиальнымиальнымиальнымиальнымиальнымиальнымиальнымиальнымиальнымиальнымиальными", "numeric_answer": null, "relative_error": null, "thinking_text": null, "has_tool_call": false, "tool_call": null, "usage": {"prompt_tokens": 104, "completion_tokens": 256, "total_tokens": 360, "token_count_source": "tokenizer"}, "decoding": {"temperature": 0.2, "top_p": null, "top_k": null, "max_tokens": 256, "seed": 42}, "prompt_tokens": 104, "completion_tokens": 256, "total_tokens": 360, "token_count_source": "tokenizer", "diffusion_steps": null, "flops_estimate": null, "flops_arch": null, "flops_model_params": null, "flops_active_params": null, "tokens_non_final": 1, "tokens_reasoning": 0, "tokens_response": 1, "elapsed_seconds": 20.294095277786255, "judgement": "Uncategorized"}
{"id": "units_000587", "topic": "units", "subtopic": "kg_g", "prompt": "An item costs $4.94 per kg. You take 350 g. About how much is that?", "exact_value": 1.73, "model": "tiiuae/Falcon-H1-7B-Instruct", "provider": "transformers", "response": "альнымиальнымиальнымиальнымиальнымиальнымиальнымиальнымиальнымиальнымиальнымиальнымиальнымиальнымиальнымиальнымиальнымиальнымиальнымиальнымиальнымиальнымиальнымиальнымиальнымиальнымиальнымиальнымиальнымиальнымиальнымиальнымиальнымиальнымиальнымиальнымиальнымиальнымиальнымиальнымиальнымиальнымиальнымиальнымиальнымиальнымиальнымиальнымиальнымиальнымиальнымиальнымиальнымиальнымиальнымиальнымиальнымиальнымиальнымиальнымиальнымиальнымиальнымиальнымиальнымиальнымиальнымиальнымиальнымиальнымиальнымиальнымиальнымиальнымиальнымиальнымиальнымиальнымиальнымиальнымиальнымиальнымиальнымиальнымиальнымиальнымиальнымиальнымиальнымиальнымиальнымиальнымиальнымиальнымиальнымиальнымиальнымиальнымиальнымиальнымиальнымиальнымиальнымиальнымиальнымиальнымиальнымиальнымиальнымиальнымиальнымиальнымиальнымиальнымиальнымиальнымиальнымиальнымиальнымиальнымиальнымиальнымиальнымиальнымиальнымиальнымиальнымиальнымиальнымиальнымиальнымиальнымиальнымиальнымиальнымиальнымиальнымиальнымиальнымиальнымиальнымиальнымиальнымиальнымиальнымиальнымиальнымиальнымиальнымиальнымиальнымиальнымиальнымиальнымиальнымиальнымиальнымиальнымиальнымиальнымиальнымиальнымиальнымиальнымиальнымиальнымиальнымиальнымиальнымиальнымиальнымиальнымиальнымиальнымиальнымиальнымиальнымиальнымиальнымиальнымиальнымиальнымиальнымиальнымиальнымиальнымиальнымиальнымиальнымиальнымиальнымиальнымиальнымиальнымиальнымиальнымиальнымиальнымиальнымиальнымиальнымиальнымиальнымиальнымиальнымиальнымиальнымиальнымиальнымиальнымиальнымиальнымиальнымиальнымиальнымиальнымиальнымиальнымиальнымиальнымиальнымиальнымиальнымиальнымиальнымиальнымиальнымиальнымиальнымиальнымиальнымиальнымиальнымиальнымиальнымиальнымиальнымиальнымиальнымиальнымиальнымиальнымиальнымиальнымиальнымиальнымиальнымиальнымиальнымиальнымиальнымиальнымиальнымиальнымиальнымиальными", "numeric_answer": null, "relative_error": null, "thinking_text": null, "has_tool_call": false, "tool_call": null, "usage": {"prompt_tokens": 103, "completion_tokens": 256, "total_tokens": 359, "token_count_source": "tokenizer"}, "decoding": {"temperature": 0.2, "top_p": null, "top_k": null, "max_tokens": 256, "seed": 42}, "prompt_tokens": 103, "completion_tokens": 256, "total_tokens": 359, "token_count_source": "tokenizer", "diffusion_steps": null, "flops_estimate": null, "flops_arch": null, "flops_model_params": null, "flops_active_params": null, "tokens_non_final": 1, "tokens_reasoning": 0, "tokens_response": 1, "elapsed_seconds": 19.49504065513611, "judgement": "Uncategorized"}
{"id": "units_000607", "topic": "units", "subtopic": "kg_g", "prompt": "An item costs $11.97 per kg. You take 400 g. About how much is that?", "exact_value": 4.79, "model": "tiiuae/Falcon-H1-7B-Instruct", "provider": "transformers", "response": "альнымиальнымиальнымиальнымиальнымиальнымиальнымиальнымиальнымиальнымиальнымиальнымиальнымиальнымиальнымиальнымиальнымиальнымиальнымиальнымиальнымиальнымиальнымиальнымиальнымиальнымиальнымиальнымиальнымиальнымиальнымиальнымиальнымиальнымиальнымиальнымиальнымиальнымиальнымиальнымиальнымиальнымиальнымиальнымиальнымиальнымиальнымиальнымиальнымиальнымиальнымиальнымиальнымиальнымиальнымиальнымиальнымиальнымиальнымиальнымиальнымиальнымиальнымиальнымиальнымиальнымиальнымиальнымиальнымиальнымиальнымиальнымиальнымиальнымиальнымиальнымиальнымиальнымиальнымиальнымиальнымиальнымиальнымиальнымиальнымиальнымиальнымиальнымиальнымиальнымиальнымиальнымиальнымиальнымиальнымиальнымиальнымиальнымиальнымиальнымиальнымиальнымиальнымиальнымиальнымиальнымиальнымиальнымиальнымиальнымиальнымиальнымиальнымиальнымиальнымиальнымиальнымиальнымиальнымиальнымиальнымиальнымиальнымиальнымиальнымиальнымиальнымиальнымиальнымиальнымиальнымиальнымиальнымиальнымиальнымиальнымиальнымиальнымиальнымиальнымиальнымиальнымиальнымиальнымиальнымиальнымиальнымиальнымиальнымиальнымиальнымиальнымиальнымиальнымиальнымиальнымиальнымиальнымиальнымиальнымиальнымиальнымиальнымиальнымиальнымиальнымиальнымиальнымиальнымиальнымиальнымиальнымиальнымиальнымиальнымиальнымиальнымиальнымиальнымиальнымиальнымиальнымиальнымиальнымиальнымиальнымиальнымиальнымиальнымиальнымиальнымиальнымиальнымиальнымиальнымиальнымиальнымиальнымиальнымиальнымиальнымиальнымиальнымиальнымиальнымиальнымиальнымиальнымиальнымиальнымиальнымиальнымиальнымиальнымиальнымиальнымиальнымиальнымиальнымиальнымиальнымиальнымиальнымиальнымиальнымиальнымиальнымиальнымиальнымиальнымиальнымиальнымиальнымиальнымиальнымиальнымиальнымиальнымиальнымиальнымиальнымиальнымиальнымиальнымиальнымиальнымиальнымиальнымиальнымиальнымиальнымиальнымиальнымиальнымиальнымиальными", "numeric_answer": null, "relative_error": null, "thinking_text": null, "has_tool_call": false, "tool_call": null, "usage": {"prompt_tokens": 104, "completion_tokens": 256, "total_tokens": 360, "token_count_source": "tokenizer"}, "decoding": {"temperature": 0.2, "top_p": null, "top_k": null, "max_tokens": 256, "seed": 42}, "prompt_tokens": 104, "completion_tokens": 256, "total_tokens": 360, "token_count_source": "tokenizer", "diffusion_steps": null, "flops_estimate": null, "flops_arch": null, "flops_model_params": null, "flops_active_params": null, "tokens_non_final": 1, "tokens_reasoning": 0, "tokens_response": 1, "elapsed_seconds": 19.736706972122192, "judgement": "Uncategorized"}
{"id": "units_000627", "topic": "units", "subtopic": "lb_oz", "prompt": "You buy 2.13 lb at $11.95 per lb. About how much is that total?", "exact_value": 25.45, "model": "tiiuae/Falcon-H1-7B-Instruct", "provider": "transformers", "response": "альнымиются согласно приведенной стоимости за фунтацииальнымиаются согласно приведенной стоимости за фунтацииальнымиаются согласно приведенной стоимости за фунтацииальнымиаются согласно приведенной стоимостиирует процентовирует процентовирует процентовирует процентовирует процентовирует процентовирует процентовирует процентовирует процентовирует процентовирует процентовирует процентовирует процентовирует процентовирует процентовирует процентовирует процентовирует процентовирует процентовирует процентовирует процентовирует процентовирует процентовирует процентовирует процентовирует процентовирует процентовирует процентовирует процентовирует процентовирует процентовирует процентовирует процентовирует процентовирует процентовирует процентовирует процентовирует процентовирует процентовирует процентовирует процентовирует процентовирует процентовирует процентовирует процентовирует процентовирует процентовирует процентовирует процентовирует процентовирует процентовирует процентовирует процентовирует процентовирует процентовирует процентовирует процентовирует процентовирует процентовирует процентовирует процентовирует процентовирует процентовирует процентовирует процентовирует процентовирует процентовирует процентовирует процентовирует процентовирует процентовирует процентовирует процентовирует процентовирует процентовирует процентовирует процентовирует процентовирует процентовирует процентовирует процентовирует процентовирует процентовирует процентовирует процентовирует процентовирует процентовирует процентовирует процентовирует процентовирует процентовирует процентовирует процентовирует процентовирует процентовирует процентовирует процентовирует процентовирует процентовирует процентовирует процентовирует процентовирует процентовирует процентовирует процентовирует процентовирует процентовирует процентовирует процентовирует процентовирует процентовирует", "numeric_answer": null, "relative_error": null, "thinking_text": null, "has_tool_call": false, "tool_call": null, "usage": {"prompt_tokens": 103, "completion_tokens": 256, "total_tokens": 359, "token_count_source": "tokenizer"}, "decoding": {"temperature": 0.2, "top_p": null, "top_k": null, "max_tokens": 256, "seed": 42}, "prompt_tokens": 103, "completion_tokens": 256, "total_tokens": 359, "token_count_source": "tokenizer", "diffusion_steps": null, "flops_estimate": null, "flops_arch": null, "flops_model_params": null, "flops_active_params": null, "tokens_non_final": 130, "tokens_reasoning": 0, "tokens_response": 130, "elapsed_seconds": 20.53374719619751, "judgement": "Uncategorized"}
{"id": "units_000647", "topic": "units", "subtopic": "kg_g", "prompt": "An item costs $10.91 per kg. You take 900 g. About how much is that?", "exact_value": 9.82, "model": "tiiuae/Falcon-H1-7B-Instruct", "provider": "transformers", "response": "альнымиальнымиальнымиальнымиальнымиальнымиальнымиальнымиальнымиальнымиальнымиальнымиальнымиальнымиальнымиальнымиальнымиальнымиальнымиальнымиальнымиальнымиальнымиальнымиальнымиальнымиальнымиальнымиальнымиальнымиальнымиальнымиальнымиальнымиальнымиальнымиальнымиальнымиальнымиальнымиальнымиальнымиальнымиальнымиальнымиальнымиальнымиальнымиальнымиальнымиальнымиальнымиальнымиальнымиальнымиальнымиальнымиальнымиальнымиальнымиальнымиальнымиальнымиальнымиальнымиальнымиальнымиальнымиальнымиальнымиальнымиальнымиальнымиальнымиальнымиальнымиальнымиальнымиальнымиальнымиальнымиальнымиальнымиальнымиальнымиальнымиальнымиальнымиальнымиальнымиальнымиальнымиальнымиальнымиальнымиальнымиальнымиальнымиальнымиальнымиальнымиальнымиальнымиальнымиальнымиальнымиальнымиальнымиальнымиальнымиальнымиальнымиальнымиальнымиальнымиальнымиальнымиальнымиальнымиальнымиальнымиальнымиальнымиальнымиальнымиальнымиальнымиальнымиальнымиальнымиальнымиальнымиальнымиальнымиальнымиальнымиальнымиальнымиальнымиальнымиальнымиальнымиальнымиальнымиальнымиальнымиальнымиальнымиальнымиальнымиальнымиальнымиальнымиальнымиальнымиальнымиальнымиальнымиальнымиальнымиальнымиальнымиальнымиальнымиальнымиальнымиальнымиальнымиальнымиальнымиальнымиальнымиальнымиальнымиальнымиальнымиальнымиальнымиальнымиальнымиальнымиальнымиальнымиальнымиальнымиальнымиальнымиальнымиальнымиальнымиальнымиальнымиальнымиальнымиальнымиальнымиальнымиальнымиальнымиальнымиальнымиальнымиальнымиальнымиальнымиальнымиальнымиальнымиальнымиальнымиальнымиальнымиальнымиальнымиальнымиальнымиальнымиальнымиальнымиальнымиальнымиальнымиальнымиальнымиальнымиальнымиальнымиальнымиальнымиальнымиальнымиальнымиальнымиальнымиальнымиальнымиальнымиальнымиальнымиальнымиальнымиальнымиальнымиальнымиальнымиальнымиальнымиальнымиальнымиальнымиальнымиальнымиальнымиальнымиальнымиальными", "numeric_answer": null, "relative_error": null, "thinking_text": null, "has_tool_call": false, "tool_call": null, "usage": {"prompt_tokens": 104, "completion_tokens": 256, "total_tokens": 360, "token_count_source": "tokenizer"}, "decoding": {"temperature": 0.2, "top_p": null, "top_k": null, "max_tokens": 256, "seed": 42}, "prompt_tokens": 104, "completion_tokens": 256, "total_tokens": 360, "token_count_source": "tokenizer", "diffusion_steps": null, "flops_estimate": null, "flops_arch": null, "flops_model_params": null, "flops_active_params": null, "tokens_non_final": 1, "tokens_reasoning": 0, "tokens_response": 1, "elapsed_seconds": 19.79230499267578, "judgement": "Uncategorized"}
{"id": "units_000667", "topic": "units", "subtopic": "kg_g", "prompt": "An item costs $13.39 per kg. You take 300 g. About how much is that?", "exact_value": 4.02, "model": "tiiuae/Falcon-H1-7B-Instruct", "provider": "transformers", "response": "альнымиальнымиальнымиальнымиальнымиальнымиальнымиальнымиальнымиальнымиальнымиальнымиальнымиальнымиальнымиальнымиальнымиальнымиальнымиальнымиальнымиальнымиальнымиальнымиальнымиальнымиальнымиальнымиальнымиальнымиальнымиальнымиальнымиальнымиальнымиальнымиальнымиальнымиальнымиальнымиальнымиальнымиальнымиальнымиальнымиальнымиальнымиальнымиальнымиальнымиальнымиальнымиальнымиальнымиальнымиальнымиальнымиальнымиальнымиальнымиальнымиальнымиальнымиальнымиальнымиальнымиальнымиальнымиальнымиальнымиальнымиальнымиальнымиальнымиальнымиальнымиальнымиальнымиальнымиальнымиальнымиальнымиальнымиальнымиальнымиальнымиальнымиальнымиальнымиальнымиальнымиальнымиальнымиальнымиальнымиальнымиальнымиальнымиальнымиальнымиальнымиальнымиальнымиальнымиальнымиальнымиальнымиальнымиальнымиальнымиальнымиальнымиальнымиальнымиальнымиальнымиальнымиальнымиальнымиальнымиальнымиальнымиальнымиальнымиальнымиальнымиальнымиальнымиальнымиальнымиальнымиальнымиальнымиальнымиальнымиальнымиальнымиальнымиальнымиальнымиальнымиальнымиальнымиальнымиальнымиальнымиальнымиальнымиальнымиальнымиальнымиальнымиальнымиальнымиальнымиальнымиальнымиальнымиальнымиальнымиальнымиальнымиальнымиальнымиальнымиальнымиальнымиальнымиальнымиальнымиальнымиальнымиальнымиальнымиальнымиальнымиальнымиальнымиальнымиальнымиальнымиальнымиальнымиальнымиальнымиальнымиальнымиальнымиальнымиальнымиальнымиальнымиальнымиальнымиальнымиальнымиальнымиальнымиальнымиальнымиальнымиальнымиальнымиальнымиальнымиальнымиальнымиальнымиальнымиальнымиальнымиальнымиальнымиальнымиальнымиальнымиальнымиальнымиальнымиальнымиальнымиальнымиальнымиальнымиальнымиальнымиальнымиальнымиальнымиальнымиальнымиальнымиальнымиальнымиальнымиальнымиальнымиальнымиальнымиальнымиальнымиальнымиальнымиальнымиальнымиальнымиальнымиальнымиальнымиальнымиальнымиальнымиальнымиальнымиальнымиальными", "numeric_answer": null, "relative_error": null, "thinking_text": null, "has_tool_call": false, "tool_call": null, "usage": {"prompt_tokens": 104, "completion_tokens": 256, "total_tokens": 360, "token_count_source": "tokenizer"}, "decoding": {"temperature": 0.2, "top_p": null, "top_k": null, "max_tokens": 256, "seed": 42}, "prompt_tokens": 104, "completion_tokens": 256, "total_tokens": 360, "token_count_source": "tokenizer", "diffusion_steps": null, "flops_estimate": null, "flops_arch": null, "flops_model_params": null, "flops_active_params": null, "tokens_non_final": 1, "tokens_reasoning": 0, "tokens_response": 1, "elapsed_seconds": 19.989354848861694, "judgement": "Uncategorized"}
{"id": "units_000687", "topic": "units", "subtopic": "lb_oz", "prompt": "You buy 1.93 lb at $5.24 per lb. About how much is that total?", "exact_value": 10.11, "model": "tiiuae/Falcon-H1-7B-Instruct", "provider": "transformers", "response": "�альное решение согласно правилальным указания насколько точно насколько возможно согласно предоставленной информации насколько точно насколько возможно согласно предоставленной информации насколько точно насколько возможно согласно предоставленнойации насколько точно насколько возможно согласно предоставленнойации насколько точно насколько возможно согласно предоставленнойации насколько точно насколько возможно согласно предоставленнойации насколько точно насколько возможно согласно предоставленнойации насколько точно насколько возможно согласно предоставленнойации насколько точно насколько возможно согласно предоставленнойации насколько точно насколько возможно согласно предоставленнойации насколько точно насколько возможно согласно предоставленнойации насколько точно насколько возможно согласно предоставленнойации насколько точно насколько возможно согласно предоставленнойации насколько точно насколько возможно согласно предоставленнойации насколько точно насколько возможно согласно предоставленнойации насколько точно насколько возможно согласно предоставленнойации насколько точно насколько возможно согласно предоставленнойации насколько точно насколько возможно согласно предоставленнойации насколько точно насколько возможно согласно предоставленнойации насколько точно насколько возможно согласно предоставленнойации насколько точно насколько возможно согласно предоставленнойации насколько точно насколько возможно согласно предоставленнойации насколько точно насколько возможно согласно предоставленнойации насколько точно насколько возможно согласно предоставленнойации насколько точно насколько возможно согласно предоставленнойации насколько точно насколько возможно согласно предоставленнойации насколько точно насколько возможно согласно предоставленнойации насколько точно насколько возможно согласно предоставленнойации насколько точно насколько возможно согласно предоставленнойации насколько точно насколько возможно согласно предоставленнойации насколько точно насколько возможно согласно предоставленнойации", "numeric_answer": null, "relative_error": null, "thinking_text": null, "has_tool_call": false, "tool_call": null, "usage": {"prompt_tokens": 102, "completion_tokens": 256, "total_tokens": 358, "token_count_source": "tokenizer"}, "decoding": {"temperature": 0.2, "top_p": null, "top_k": null, "max_tokens": 256, "seed": 42}, "prompt_tokens": 102, "completion_tokens": 256, "total_tokens": 358, "token_count_source": "tokenizer", "diffusion_steps": null, "flops_estimate": null, "flops_arch": null, "flops_model_params": null, "flops_active_params": null, "tokens_non_final": 193, "tokens_reasoning": 0, "tokens_response": 193, "elapsed_seconds": 18.822431325912476, "judgement": "Uncategorized"}
{"id": "units_000707", "topic": "units", "subtopic": "kg_g", "prompt": "An item costs $7.61 per kg. You take 400 g. About how much is that?", "exact_value": 3.04, "model": "tiiuae/Falcon-H1-7B-Instruct", "provider": "transformers", "response": "альнымиальнымиальнымиальнымиальнымиальнымиальнымиальнымиальнымиальнымиальнымиальнымиальнымиальнымиальнымиальнымиальнымиальнымиальнымиальнымиальнымиальнымиальнымиальнымиальнымиальнымиальнымиальнымиальнымиальнымиальнымиальнымиальнымиальнымиальнымиальнымиальнымиальнымиальнымиальнымиальнымиальнымиальнымиальнымиальнымиальнымиальнымиальнымиальнымиальнымиальнымиальнымиальнымиальнымиальнымиальнымиальнымиальнымиальнымиальнымиальнымиальнымиальнымиальнымиальнымиальнымиальнымиальнымиальнымиальнымиальнымиальнымиальнымиальнымиальнымиальнымиальнымиальнымиальнымиальнымиальнымиальнымиальнымиальнымиальнымиальнымиальнымиальнымиальнымиальнымиальнымиальнымиальнымиальнымиальнымиальнымиальнымиальнымиальнымиальнымиальнымиальнымиальнымиальнымиальнымиальнымиальнымиальнымиальнымиальнымиальнымиальнымиальнымиальнымиальнымиальнымиальнымиальнымиальнымиальнымиальнымиальнымиальнымиальнымиальнымиальнымиальнымиальнымиальнымиальнымиальнымиальнымиальнымиальнымиальнымиальнымиальнымиальнымиальнымиальнымиальнымиальнымиальнымиальнымиальнымиальнымиальнымиальнымиальнымиальнымиальнымиальнымиальнымиальнымиальнымиальнымиальнымиальнымиальнымиальнымиальнымиальнымиальнымиальнымиальнымиальнымиальнымиальнымиальнымиальнымиальнымиальнымиальнымиальнымиальнымиальнымиальнымиальнымиальнымиальнымиальнымиальнымиальнымиальнымиальнымиальнымиальнымиальнымиальнымиальнымиальнымиальнымиальнымиальнымиальнымиальнымиальнымиальнымиальнымиальнымиальнымиальнымиальнымиальнымиальнымиальнымиальнымиальнымиальнымиальнымиальнымиальнымиальнымиальнымиальнымиальнымиальнымиальнымиальнымиальнымиальнымиальнымиальнымиальнымиальнымиальнымиальнымиальнымиальнымиальнымиальнымиальнымиальнымиальнымиальнымиальнымиальнымиальнымиальнымиальнымиальнымиальнымиальнымиальнымиальнымиальнымиальнымиальнымиальнымиальнымиальнымиальнымиальнымиальнымиальнымиальными", "numeric_answer": null, "relative_error": null, "thinking_text": null, "has_tool_call": false, "tool_call": null, "usage": {"prompt_tokens": 103, "completion_tokens": 256, "total_tokens": 359, "token_count_source": "tokenizer"}, "decoding": {"temperature": 0.2, "top_p": null, "top_k": null, "max_tokens": 256, "seed": 42}, "prompt_tokens": 103, "completion_tokens": 256, "total_tokens": 359, "token_count_source": "tokenizer", "diffusion_steps": null, "flops_estimate": null, "flops_arch": null, "flops_model_params": null, "flops_active_params": null, "tokens_non_final": 1, "tokens_reasoning": 0, "tokens_response": 1, "elapsed_seconds": 19.20766806602478, "judgement": "Uncategorized"}
{"id": "units_000727", "topic": "units", "subtopic": "lb_oz", "prompt": "You buy 3.59 lb at $10.93 per lb. About how much is that total?", "exact_value": 39.24, "model": "tiiuae/Falcon-H1-7B-Instruct", "provider": "transformers", "response": "альнымиются согласно условию процентов процентов процентов процентов процентов процентов процентов процентов процентов процентов процентов процентов процентов процентов процентов процентов процентов процентов процентов процентов процентов процентов процентов процентов процентов процентов процентов процентов процентов процентов процентов процентов процентов процентов процентов процентов процентов процентов процентов процентов процентов процентов процентов процентов процентов процентов процентов процентов процентов процентов процентов процентов процентов процентов процентов процентов процентов процентов процентов процентов процентов процентов процентов процентов процентов процентов процентов процентов процентов процентов процентов процентов процентов процентов процентов процентов процентов процентов процентов процентов процентов процентов процентов процентов процентов процентов процентов процентов процентов процентов процентов процентов процентов процентов процентов процентов процентов процентов процентов процентов процентов процентов процентов процентов процентов процентов процентов процентов процентов процентов процентов процентов процентов процентов процентов процентов процентов процентов процентов процентов процентов процентов процентов процентов процентов процентов процентов процентов процентов процентов процентов процентов процентов процентов процентов процентов процентов процентов процентов процентов процентов процентов процентов процентов процентов процентов процентов процентов процентов процентов процентов процентов процентов процентов процентов процентов процентов процентов процентов процентов процентов процентов процентов процентов процентов процентов процентов процентов процентов процентов процентов процентов процентов процентов процентов процентов процентов процентов процентов процентов процентов процентов процентов процентов процентов процентов процентов процентов процентов процентов процентов процентов процентов процентов процентов процентов процентов процентов процентов процентов процентов процентов процентов процентов процентов процентов процентов процентов процентов процентов процентов процентов процентов процентов процентов процентов процентов процентов процентов процентов процентов процентов процентов процентов процентов процентов процентов процентов процентов процентов процентов процентов процентов процентов процентов процентов процентов процентов процентов процентов процентов процентов процентов процентов процентов процентов процентов процентов процентов процентов процентов", "numeric_answer": null, "relative_error": null, "thinking_text": null, "has_tool_call": false, "tool_call": null, "usage": {"prompt_tokens": 103, "completion_tokens": 256, "total_tokens": 359, "token_count_source": "tokenizer"}, "decoding": {"temperature": 0.2, "top_p": null, "top_k": null, "max_tokens": 256, "seed": 42}, "prompt_tokens": 103, "completion_tokens": 256, "total_tokens": 359, "token_count_source": "tokenizer", "diffusion_steps": null, "flops_estimate": null, "flops_arch": null, "flops_model_params": null, "flops_active_params": null, "tokens_non_final": 254, "tokens_reasoning": 0, "tokens_response": 254, "elapsed_seconds": 19.813507318496704, "judgement": "Uncategorized"}
{"id": "units_000747", "topic": "units", "subtopic": "lb_oz", "prompt": "You buy 2.72 lb at $3.64 per lb. About how much is that total?", "exact_value": 9.9, "model": "tiiuae/Falcon-H1-7B-Instruct", "provider": "transformers", "response": "альнымиются согласно приведенной стоимости согласно условию задачи насколько возможно точно насколько возможно насколько точно насколько возможно насколько точно насколько возможно насколько точно насколько возможно насколько точно насколько возможно насколько точно насколько возможно насколько точно насколько возможно насколько точно насколько возможно насколько точно насколько возможно насколько точно насколько возможно насколько точно насколько возможно насколько точно насколько возможно насколько точно насколько возможно насколько точно насколько возможно насколько точно насколько возможно насколько точно насколько возможно насколько точно насколько возможно насколько точно насколько возможно насколько точно насколько возможно насколько точно насколько возможно насколько точно насколько возможно насколько точно насколько возможно насколько точно насколько возможно насколько точно насколько возможно насколько точно насколько возможно насколько точно насколько возможно насколько точно насколько возможно насколько точно насколько возможно насколько точно насколько возможно насколько точно насколько возможно насколько точно насколько возможно насколько точно насколько возможно насколько точно насколько возможно насколько точно насколько возможно насколько точно насколько возможно насколько точно насколько возможно насколько точно насколько возможно насколько точно насколько возможно насколько точно насколько возможно насколько точно насколько возможно насколько точно насколько возможно насколько точно насколько возможно насколько точно насколько возможно насколько точно насколько возможно насколько точно насколько возможно насколько точно насколько возможно насколько точно насколько возможно насколькоально насколько возможно насколькоально насколькоально насколькоально насколькоально насколькоально насколькоально насколькоально насколькоально насколькоально насколькоально насколькоально насколькоально насколькоально насколькоально насколькоально насколькоально насколькоально насколькоально насколькоально насколькоально насколькоально насколькоально насколькоально насколькоально насколькоально насколькоально насколько", "numeric_answer": null, "relative_error": null, "thinking_text": null, "has_tool_call": false, "tool_call": null, "usage": {"prompt_tokens": 102, "completion_tokens": 256, "total_tokens": 358, "token_count_source": "tokenizer"}, "decoding": {"temperature": 0.2, "top_p": null, "top_k": null, "max_tokens": 256, "seed": 42}, "prompt_tokens": 102, "completion_tokens": 256, "total_tokens": 358, "token_count_source": "tokenizer", "diffusion_steps": null, "flops_estimate": null, "flops_arch": null, "flops_model_params": null, "flops_active_params": null, "tokens_non_final": 226, "tokens_reasoning": 0, "tokens_response": 226, "elapsed_seconds": 20.005381107330322, "judgement": "Uncategorized"}
{"id": "units_000767", "topic": "units", "subtopic": "kg_g", "prompt": "An item costs $11.67 per kg. You take 900 g. About how much is that?", "exact_value": 10.5, "model": "tiiuae/Falcon-H1-7B-Instruct", "provider": "transformers", "response": "альнымиальнымиальнымиальнымиальнымиальнымиальнымиальнымиальнымиальнымиальнымиальнымиальнымиальнымиальнымиальнымиальнымиальнымиальнымиальнымиальнымиальнымиальнымиальнымиальнымиальнымиальнымиальнымиальнымиальнымиальнымиальнымиальнымиальнымиальнымиальнымиальнымиальнымиальнымиальнымиальнымиальнымиальнымиальнымиальнымиальнымиальнымиальнымиальнымиальнымиальнымиальнымиальнымиальнымиальнымиальнымиальнымиальнымиальнымиальнымиальнымиальнымиальнымиальнымиальнымиальнымиальнымиальнымиальнымиальнымиальнымиальнымиальнымиальнымиальнымиальнымиальнымиальнымиальнымиальнымиальнымиальнымиальнымиальнымиальнымиальнымиальнымиальнымиальнымиальнымиальнымиальнымиальнымиальнымиальнымиальнымиальнымиальнымиальнымиальнымиальнымиальнымиальнымиальнымиальнымиальнымиальнымиальнымиальнымиальнымиальнымиальнымиальнымиальнымиальнымиальнымиальнымиальнымиальнымиальнымиальнымиальнымиальнымиальнымиальнымиальнымиальнымиальнымиальнымиальнымиальнымиальнымиальнымиальнымиальнымиальнымиальнымиальнымиальнымиальнымиальнымиальнымиальнымиальнымиальнымиальнымиальнымиальнымиальнымиальнымиальнымиальнымиальнымиальнымиальнымиальнымиальнымиальнымиальнымиальнымиальнымиальнымиальнымиальнымиальнымиальнымиальнымиальнымиальнымиальнымиальнымиальнымиальнымиальнымиальнымиальнымиальнымиальнымиальнымиальнымиальнымиальнымиальнымиальнымиальнымиальнымиальнымиальнымиальнымиальнымиальнымиальнымиальнымиальнымиальнымиальнымиальнымиальнымиальнымиальнымиальнымиальнымиальнымиальнымиальнымиальнымиальнымиальнымиальнымиальнымиальнымиальнымиальнымиальнымиальнымиальнымиальнымиальнымиальнымиальнымиальнымиальнымиальнымиальнымиальнымиальнымиальнымиальнымиальнымиальнымиальнымиальнымиальнымиальнымиальнымиальнымиальнымиальнымиальнымиальнымиальнымиальнымиальнымиальнымиальнымиальнымиальнымиальнымиальнымиальнымиальнымиальнымиальнымиальнымиальнымиальными", "numeric_answer": null, "relative_error": null, "thinking_text": null, "has_tool_call": false, "tool_call": null, "usage": {"prompt_tokens": 104, "completion_tokens": 256, "total_tokens": 360, "token_count_source": "tokenizer"}, "decoding": {"temperature": 0.2, "top_p": null, "top_k": null, "max_tokens": 256, "seed": 42}, "prompt_tokens": 104, "completion_tokens": 256, "total_tokens": 360, "token_count_source": "tokenizer", "diffusion_steps": null, "flops_estimate": null, "flops_arch": null, "flops_model_params": null, "flops_active_params": null, "tokens_non_final": 1, "tokens_reasoning": 0, "tokens_response": 1, "elapsed_seconds": 20.406859874725342, "judgement": "Uncategorized"}
{"id": "units_000787", "topic": "units", "subtopic": "kg_g", "prompt": "An item costs $10.33 per kg. You take 400 g. About how much is that?", "exact_value": 4.13, "model": "tiiuae/Falcon-H1-7B-Instruct", "provider": "transformers", "response": "альнымиальнымиальнымиальнымиальнымиальнымиальнымиальнымиальнымиальнымиальнымиальнымиальнымиальнымиальнымиальнымиальнымиальнымиальнымиальнымиальнымиальнымиальнымиальнымиальнымиальнымиальнымиальнымиальнымиальнымиальнымиальнымиальнымиальнымиальнымиальнымиальнымиальнымиальнымиальнымиальнымиальнымиальнымиальнымиальнымиальнымиальнымиальнымиальнымиальнымиальнымиальнымиальнымиальнымиальнымиальнымиальнымиальнымиальнымиальнымиальнымиальнымиальнымиальнымиальнымиальнымиальнымиальнымиальнымиальнымиальнымиальнымиальнымиальнымиальнымиальнымиальнымиальнымиальнымиальнымиальнымиальнымиальнымиальнымиальнымиальнымиальнымиальнымиальнымиальнымиальнымиальнымиальнымиальнымиальнымиальнымиальнымиальнымиальнымиальнымиальнымиальнымиальнымиальнымиальнымиальнымиальнымиальнымиальнымиальнымиальнымиальнымиальнымиальнымиальнымиальнымиальнымиальнымиальнымиальнымиальнымиальнымиальнымиальнымиальнымиальнымиальнымиальнымиальнымиальнымиальнымиальнымиальнымиальнымиальнымиальнымиальнымиальнымиальнымиальнымиальнымиальнымиальнымиальнымиальнымиальнымиальнымиальнымиальнымиальнымиальнымиальнымиальнымиальнымиальнымиальнымиальнымиальнымиальнымиальнымиальнымиальнымиальнымиальнымиальнымиальнымиальнымиальнымиальнымиальнымиальнымиальнымиальнымиальнымиальнымиальнымиальнымиальнымиальнымиальнымиальнымиальнымиальнымиальнымиальнымиальнымиальнымиальнымиальнымиальнымиальнымиальнымиальнымиальнымиальнымиальнымиальнымиальнымиальнымиальнымиальнымиальнымиальнымиальнымиальнымиальнымиальнымиальнымиальнымиальнымиальнымиальнымиальнымиальнымиальнымиальнымиальнымиальнымиальнымиальнымиальнымиальнымиальнымиальнымиальнымиальнымиальнымиальнымиальнымиальнымиальнымиальнымиальнымиальнымиальнымиальнымиальнымиальнымиальнымиальнымиальнымиальнымиальнымиальнымиальнымиальнымиальнымиальнымиальнымиальнымиальнымиальнымиальнымиальнымиальнымиальными", "numeric_answer": null, "relative_error": null, "thinking_text": null, "has_tool_call": false, "tool_call": null, "usage": {"prompt_tokens": 104, "completion_tokens": 256, "total_tokens": 360, "token_count_source": "tokenizer"}, "decoding": {"temperature": 0.2, "top_p": null, "top_k": null, "max_tokens": 256, "seed": 42}, "prompt_tokens": 104, "completion_tokens": 256, "total_tokens": 360, "token_count_source": "tokenizer", "diffusion_steps": null, "flops_estimate": null, "flops_arch": null, "flops_model_params": null, "flops_active_params": null, "tokens_non_final": 1, "tokens_reasoning": 0, "tokens_response": 1, "elapsed_seconds": 19.288190364837646, "judgement": "Uncategorized"}
{"id": "units_000807", "topic": "units", "subtopic": "kg_g", "prompt": "An item costs $17.42 per kg. You take 400 g. About how much is that?", "exact_value": 6.97, "model": "tiiuae/Falcon-H1-7B-Instruct", "provider": "transformers", "response": "альнымиальнымиальнымиальнымиальнымиальнымиальнымиальнымиальнымиальнымиальнымиальнымиальнымиальнымиальнымиальнымиальнымиальнымиальнымиальнымиальнымиальнымиальнымиальнымиальнымиальнымиальнымиальнымиальнымиальнымиальнымиальнымиальнымиальнымиальнымиальнымиальнымиальнымиальнымиальнымиальнымиальнымиальнымиальнымиальнымиальнымиальнымиальнымиальнымиальнымиальнымиальнымиальнымиальнымиальнымиальнымиальнымиальнымиальнымиальнымиальнымиальнымиальнымиальнымиальнымиальнымиальнымиальнымиальнымиальнымиальнымиальнымиальнымиальнымиальнымиальнымиальнымиальнымиальнымиальнымиальнымиальнымиальнымиальнымиальнымиальнымиальнымиальнымиальнымиальнымиальнымиальнымиальнымиальнымиальнымиальнымиальнымиальнымиальнымиальнымиальнымиальнымиальнымиальнымиальнымиальнымиальнымиальнымиальнымиальнымиальнымиальнымиальнымиальнымиальнымиальнымиальнымиальнымиальнымиальнымиальнымиальнымиальнымиальнымиальнымиальнымиальнымиальнымиальнымиальнымиальнымиальнымиальнымиальнымиальнымиальнымиальнымиальнымиальнымиальнымиальнымиальнымиальнымиальнымиальнымиальнымиальнымиальнымиальнымиальнымиальнымиальнымиальнымиальнымиальнымиальнымиальнымиальнымиальнымиальнымиальнымиальнымиальнымиальнымиальнымиальнымиальнымиальнымиальнымиальнымиальнымиальнымиальнымиальнымиальнымиальнымиальнымиальнымиальнымиальнымиальнымиальнымиальнымиальнымиальнымиальнымиальнымиальнымиальнымиальнымиальнымиальнымиальнымиальнымиальнымиальнымиальнымиальнымиальнымиальнымиальнымиальнымиальнымиальнымиальнымиальнымиальнымиальнымиальнымиальнымиальнымиальнымиальнымиальнымиальнымиальнымиальнымиальнымиальнымиальнымиальнымиальнымиальнымиальнымиальнымиальнымиальнымиальнымиальнымиальнымиальнымиальнымиальнымиальнымиальнымиальнымиальнымиальнымиальнымиальнымиальнымиальнымиальнымиальнымиальнымиальнымиальнымиальнымиальнымиальнымиальнымиальнымиальнымиальнымиальнымиальными", "numeric_answer": null, "relative_error": null, "thinking_text": null, "has_tool_call": false, "tool_call": null, "usage": {"prompt_tokens": 104, "completion_tokens": 256, "total_tokens": 360, "token_count_source": "tokenizer"}, "decoding": {"temperature": 0.2, "top_p": null, "top_k": null, "max_tokens": 256, "seed": 42}, "prompt_tokens": 104, "completion_tokens": 256, "total_tokens": 360, "token_count_source": "tokenizer", "diffusion_steps": null, "flops_estimate": null, "flops_arch": null, "flops_model_params": null, "flops_active_params": null, "tokens_non_final": 1, "tokens_reasoning": 0, "tokens_response": 1, "elapsed_seconds": 19.42688798904419, "judgement": "Uncategorized"}
{"id": "units_000827", "topic": "units", "subtopic": "lb_oz", "prompt": "You buy 3.71 lb at $14.59 per lb. About how much is that total?", "exact_value": 54.13, "model": "tiiuae/Falcon-H1-7B-Instruct", "provider": "transformers", "response": "альнымиются согласно приведенной стоимости за фунтацииальнымиаются согласно приведенной стоимости за фунтацииальнымиаются согласно приведенной стоимости за фунтацииальнымиаются согласно приведенной стоимости за фунтацииальнымиаются согласно приведенной стоимости за фунтацииальнымиаются согласно приведенной стоимостиацииацииацииацииацииацииацииацииацииацииацииацииацииацииацииацииацииацииацииацииацииацииацииацииацииацииацииацииацииацииацииацииацииацииацииацииацииацииацииацииацииацииацииацииацииацииацииацииацииацииацииацииацииацииацииацииацииацииацииацииацииацииацииацииацииацииацииацииацииацииацииацииацииацииацииацииацииацииацииацииацииацииацииацииацииацииацииацииацииацииацииацииацииацииацииацииацииацииацииацииацииацииацииацииацииацииацииацииацииацииацииацииацииацииацииацииацииацииацииацииацииацииацииацииацииацииацииацииацииацииацииацииацииацииацииацииацииацииацииацииацииацииацииацииацииацииацииацииацииацииацииацииацииацииацииацииацииацииацииацииацииацииацииацииацииацииацииацииацииацииацииацииацииацииацииацииацииацииацииацииацииацииацииацииацииацииацииацииацииацииацииацииацииацииацииацииацииацииацииацииацииацииацииацииации", "numeric_answer": null, "relative_error": null, "thinking_text": null, "has_tool_call": false, "tool_call": null, "usage": {"prompt_tokens": 103, "completion_tokens": 256, "total_tokens": 359, "token_count_source": "tokenizer"}, "decoding": {"temperature": 0.2, "top_p": null, "top_k": null, "max_tokens": 256, "seed": 42}, "prompt_tokens": 103, "completion_tokens": 256, "total_tokens": 359, "token_count_source": "tokenizer", "diffusion_steps": null, "flops_estimate": null, "flops_arch": null, "flops_model_params": null, "flops_active_params": null, "tokens_non_final": 29, "tokens_reasoning": 0, "tokens_response": 29, "elapsed_seconds": 20.573468685150146, "judgement": "Uncategorized"}
{"id": "units_000847", "topic": "units", "subtopic": "kg_g", "prompt": "An item costs $16.02 per kg. You take 300 g. About how much is that?", "exact_value": 4.81, "model": "tiiuae/Falcon-H1-7B-Instruct", "provider": "transformers", "response": "альнымиальнымиальнымиальнымиальнымиальнымиальнымиальнымиальнымиальнымиальнымиальнымиальнымиальнымиальнымиальнымиальнымиальнымиальнымиальнымиальнымиальнымиальнымиальнымиальнымиальнымиальнымиальнымиальнымиальнымиальнымиальнымиальнымиальнымиальнымиальнымиальнымиальнымиальнымиальнымиальнымиальнымиальнымиальнымиальнымиальнымиальнымиальнымиальнымиальнымиальнымиальнымиальнымиальнымиальнымиальнымиальнымиальнымиальнымиальнымиальнымиальнымиальнымиальнымиальнымиальнымиальнымиальнымиальнымиальнымиальнымиальнымиальнымиальнымиальнымиальнымиальнымиальнымиальнымиальнымиальнымиальнымиальнымиальнымиальнымиальнымиальнымиальнымиальнымиальнымиальнымиальнымиальнымиальнымиальнымиальнымиальнымиальнымиальнымиальнымиальнымиальнымиальнымиальнымиальнымиальнымиальнымиальнымиальнымиальнымиальнымиальнымиальнымиальнымиальнымиальнымиальнымиальнымиальнымиальнымиальнымиальнымиальнымиальнымиальнымиальнымиальнымиальнымиальнымиальнымиальнымиальнымиальнымиальнымиальнымиальнымиальнымиальнымиальнымиальнымиальнымиальнымиальнымиальнымиальнымиальнымиальнымиальнымиальнымиальнымиальнымиальнымиальнымиальнымиальнымиальнымиальнымиальнымиальнымиальнымиальнымиальнымиальнымиальнымиальнымиальнымиальнымиальнымиальнымиальнымиальнымиальнымиальнымиальнымиальнымиальнымиальнымиальнымиальнымиальнымиальнымиальнымиальнымиальнымиальнымиальнымиальнымиальнымиальнымиальнымиальнымиальнымиальнымиальнымиальнымиальнымиальнымиальнымиальнымиальнымиальнымиальнымиальнымиальнымиальнымиальнымиальнымиальнымиальнымиальнымиальнымиальнымиальнымиальнымиальнымиальнымиальнымиальнымиальнымиальнымиальнымиальнымиальнымиальнымиальнымиальнымиальнымиальнымиальнымиальнымиальнымиальнымиальнымиальнымиальнымиальнымиальнымиальнымиальнымиальнымиальнымиальнымиальнымиальнымиальнымиальнымиальнымиальнымиальнымиальнымиальнымиальнымиальнымиальнымиальнымиальными", "numeric_answer": null, "relative_error": null, "thinking_text": null, "has_tool_call": false, "tool_call": null, "usage": {"prompt_tokens": 104, "completion_tokens": 256, "total_tokens": 360, "token_count_source": "tokenizer"}, "decoding": {"temperature": 0.2, "top_p": null, "top_k": null, "max_tokens": 256, "seed": 42}, "prompt_tokens": 104, "completion_tokens": 256, "total_tokens": 360, "token_count_source": "tokenizer", "diffusion_steps": null, "flops_estimate": null, "flops_arch": null, "flops_model_params": null, "flops_active_params": null, "tokens_non_final": 1, "tokens_reasoning": 0, "tokens_response": 1, "elapsed_seconds": 19.467291593551636, "judgement": "Uncategorized"}
{"id": "units_000867", "topic": "units", "subtopic": "kg_g", "prompt": "An item costs $19.16 per kg. You take 750 g. About how much is that?", "exact_value": 14.37, "model": "tiiuae/Falcon-H1-7B-Instruct", "provider": "transformers", "response": "альнымиальнымиальнымиальнымиальнымиальнымиальнымиальнымиальнымиальнымиальнымиальнымиальнымиальнымиальнымиальнымиальнымиальнымиальнымиальнымиальнымиальнымиальнымиальнымиальнымиальнымиальнымиальнымиальнымиальнымиальнымиальнымиальнымиальнымиальнымиальнымиальнымиальнымиальнымиальнымиальнымиальнымиальнымиальнымиальнымиальнымиальнымиальнымиальнымиальнымиальнымиальнымиальнымиальнымиальнымиальнымиальнымиальнымиальнымиальнымиальнымиальнымиальнымиальнымиальнымиальнымиальнымиальнымиальнымиальнымиальнымиальнымиальнымиальнымиальнымиальнымиальнымиальнымиальнымиальнымиальнымиальнымиальнымиальнымиальнымиальнымиальнымиальнымиальнымиальнымиальнымиальнымиальнымиальнымиальнымиальнымиальнымиальнымиальнымиальнымиальнымиальнымиальнымиальнымиальнымиальнымиальнымиальнымиальнымиальнымиальнымиальнымиальнымиальнымиальнымиальнымиальнымиальнымиальнымиальнымиальнымиальнымиальнымиальнымиальнымиальнымиальнымиальнымиальнымиальнымиальнымиальнымиальнымиальнымиальнымиальнымиальнымиальнымиальнымиальнымиальнымиальнымиальнымиальнымиальнымиальнымиальнымиальнымиальнымиальнымиальнымиальнымиальнымиальнымиальнымиальнымиальнымиальнымиальнымиальнымиальнымиальнымиальнымиальнымиальнымиальнымиальнымиальнымиальнымиальнымиальнымиальнымиальнымиальнымиальнымиальнымиальнымиальнымиальнымиальнымиальнымиальнымиальнымиальнымиальнымиальнымиальнымиальнымиальнымиальнымиальнымиальнымиальнымиальнымиальнымиальнымиальнымиальнымиальнымиальнымиальнымиальнымиальнымиальнымиальнымиальнымиальнымиальнымиальнымиальнымиальнымиальнымиальнымиальнымиальнымиальнымиальнымиальнымиальнымиальнымиальнымиальнымиальнымиальнымиальнымиальнымиальнымиальнымиальнымиальнымиальнымиальнымиальнымиальнымиальнымиальнымиальнымиальнымиальнымиальнымиальнымиальнымиальнымиальнымиальнымиальнымиальнымиальнымиальнымиальнымиальнымиальнымиальнымиальнымиальнымиальными", "numeric_answer": null, "relative_error": null, "thinking_text": null, "has_tool_call": false, "tool_call": null, "usage": {"prompt_tokens": 104, "completion_tokens": 256, "total_tokens": 360, "token_count_source": "tokenizer"}, "decoding": {"temperature": 0.2, "top_p": null, "top_k": null, "max_tokens": 256, "seed": 42}, "prompt_tokens": 104, "completion_tokens": 256, "total_tokens": 360, "token_count_source": "tokenizer", "diffusion_steps": null, "flops_estimate": null, "flops_arch": null, "flops_model_params": null, "flops_active_params": null, "tokens_non_final": 1, "tokens_reasoning": 0, "tokens_response": 1, "elapsed_seconds": 19.246434211730957, "judgement": "Uncategorized"}
{"id": "units_000887", "topic": "units", "subtopic": "kg_g", "prompt": "An item costs $4.82 per kg. You take 750 g. About how much is that?", "exact_value": 3.62, "model": "tiiuae/Falcon-H1-7B-Instruct", "provider": "transformers", "response": "альными расчетами согласно приведенной информации решаем задаются насколько точно насколько возможно согласно условия kompensierte mengenwertично насколько возможно согласно условия kompensierte mengenwertично насколько возможно согласно условия kompensierte mengenwertично насколько возможно согласно условия kompensierte mengenwertично насколько возможно согласно условия kompensierte mengenwertично насколько возможно согласно условия kompensierte mengenwertично насколько возможно согласно условия kompensierte mengenwertично насколько возможно согласно условия kompensierte mengenwertично насколько возможно согласно условия kompensierte mengenwertично насколько возможно согласно условия kompensierte mengenwertично насколько возможно согласно условия kompensierte mengenwertично насколько возможно согласно условия kompensierte mengenwertично насколько возможно согласно условия kompensierte mengenwertично насколько возможно согласно условия kompensierte mengenwertично насколько возможно согласно условия kompensierte mengenwertично насколько возможно согласно условия kompensierte mengenwertично насколько возможно согласно условия kompensierte mengenwertично насколько возможно согласно условия kompensierte mengenwertично насколько возможно согласно условия kompensierte mengenwertично насколько возможно согласно условия kompensierte mengenwertично насколько возможно согласно условия kompensierte mengenwertично насколько возможно согласно условия kompensierte mengenwertично насколько возможно согласно условия kompensierte mengenwertично насколько возможно согласно условия kompensierte mengenwertично насколько возможно согласно условия kompensierte mengenwertично насколько возможно согласно условия kompensierte mengenwertично насколько возможно согласно условия kompensierte mengenwertично", "numeric_answer": null, "relative_error": null, "thinking_text": null, "has_tool_call": false, "tool_call": null, "usage": {"prompt_tokens": 103, "completion_tokens": 256, "total_tokens": 359, "token_count_source": "tokenizer"}, "decoding": {"temperature": 0.2, "top_p": null, "top_k": null, "max_tokens": 256, "seed": 42}, "prompt_tokens": 103, "completion_tokens": 256, "total_tokens": 359, "token_count_source": "tokenizer", "diffusion_steps": null, "flops_estimate": null, "flops_arch": null, "flops_model_params": null, "flops_active_params": null, "tokens_non_final": 171, "tokens_reasoning": 0, "tokens_response": 171, "elapsed_seconds": 19.10011386871338, "judgement": "Uncategorized"}
{"id": "units_000907", "topic": "units", "subtopic": "lb_oz", "prompt": "You buy 1.03 lb at $7.95 per lb. About how much is that total?", "exact_value": 8.19, "model": "tiiuae/Falcon-H1-7B-Instruct", "provider": "transformers", "response": "альнымиются согласно процентов процентов процентов процентов процентов процентов процентов процентов процентов процентов процентов процентов процентов процентов процентов процентов процентов процентов процентов процентов процентов процентов процентов процентов процентов процентов процентов процентов процентов процентов процентов процентов процентов процентов процентов процентов процентов процентов процентов процентов процентов процентов процентов процентов процентов процентов процентов процентов процентов процентов процентов процентов процентов процентов процентов процентов процентов процентов процентов процентов процентов процентов процентов процентов процентов процентов процентов процентов процентов процентов процентов процентов процентов процентов процентов процентов процентов процентов процентов процентов процентов процентов процентов процентов процентов процентов процентов процентов процентов процентов процентов процентов процентов процентов процентов процентов процентов процентов процентов процентов процентов процентов процентов процентов процентов процентов процентов процентов процентов процентов процентов процентов процентов процентов процентов процентов процентов процентов процентов процентов процентов процентов процентов процентов процентов процентов процентов процентов процентов процентов процентов процентов процентов процентов процентов процентов процентов процентов процентов процентов процентов процентов процентов процентов процентов процентов процентов процентов процентов процентов процентов процентов процентов процентов процентов процентов процентов процентов процентов процентов процентов процентов процентов процентов процентов процентов процентов процентов процентов процентов процентов процентов процентов процентов процентов процентов процентов процентов процентов процентов процентов процентов процентов процентов процентов процентов процентов процентов процентов процентов процентов процентов процентов процентов процентов процентов процентов процентов процентов процентов процентов процентов процентов процентов процентов процентов процентов процентов процентов процентов процентов процентов процентов процентов процентов процентов процентов процентов процентов процентов процентов процентов процентов процентов процентов процентов процентов процентов процентов процентов процентов процентов процентов процентов процентов процентов процентов процентов процентов процентов процентов процентов процентов процентов процентов процентов процентов процентов процентов процентов процентов процентов процентов", "numeric_answer": null, "relative_error": null, "thinking_text": null, "has_tool_call": false, "tool_call": null, "usage": {"prompt_tokens": 102, "completion_tokens": 256, "total_tokens": 358, "token_count_source": "tokenizer"}, "decoding": {"temperature": 0.2, "top_p": null, "top_k": null, "max_tokens": 256, "seed": 42}, "prompt_tokens": 102, "completion_tokens": 256, "total_tokens": 358, "token_count_source": "tokenizer", "diffusion_steps": null, "flops_estimate": null, "flops_arch": null, "flops_model_params": null, "flops_active_params": null, "tokens_non_final": 255, "tokens_reasoning": 0, "tokens_response": 255, "elapsed_seconds": 19.19047975540161, "judgement": "Uncategorized"}
{"id": "units_000927", "topic": "units", "subtopic": "lb_oz", "prompt": "You buy 4.57 lb at $4.76 per lb. About how much is that total?", "exact_value": 21.75, "model": "tiiuae/Falcon-H1-7B-Instruct", "provider": "transformers", "response": "альнымиются согласно приведенной стоимости согласно задаются насколько насколько насколько насколько насколько насколько насколько насколько насколько насколько насколько насколько насколько насколько насколько насколько насколько насколько насколько насколько насколько насколько насколько насколько насколько насколько насколько насколько насколько насколько насколько насколько насколько насколько насколько насколько насколько насколько насколько насколько насколько насколько насколько насколько насколько насколько насколько насколько насколько насколько насколько насколько насколько насколько насколько насколько насколько насколько насколько насколько насколько насколько насколько насколько насколько насколько насколько насколько насколько насколько насколько насколько насколько насколько насколько насколько насколько насколько насколько насколько насколько насколько насколько насколько насколько насколько насколько насколько насколько насколько насколько насколько насколько насколько насколько насколько насколько насколько насколько насколько насколько насколько насколько насколько насколько насколько насколько насколько насколько насколько насколько насколько насколько насколько насколько насколько насколько насколько насколько насколько насколько насколько насколько насколько насколько насколько насколько насколько насколько насколько насколько насколько насколько насколько насколько насколько насколько насколько насколько насколько насколько насколько насколько насколько насколько насколько насколько насколько насколько насколько насколько насколько насколько насколько насколько насколько насколько насколько насколько насколько насколько насколько насколько насколько насколько насколько насколько насколько насколько насколько насколько насколько насколько насколько насколько насколько насколько насколько насколько насколько насколько насколько насколько насколько насколько насколько насколько насколько насколько насколько насколько насколько насколько насколько насколько насколько насколько насколько насколько насколько насколько насколько насколько насколько насколько насколько насколько насколько насколько насколько насколько насколько насколько насколько насколько насколько насколько насколько насколько насколько насколько насколько насколько насколько насколько насколько насколько насколько насколько насколько насколько насколько насколько насколько насколько насколько насколько насколько насколько насколько насколько насколько насколько насколько насколько насколько насколько", "numeric_answer": null, "relative_error": null, "thinking_text": null, "has_tool_call": false, "tool_call": null, "usage": {"prompt_tokens": 102, "completion_tokens": 256, "total_tokens": 358, "token_count_source": "tokenizer"}, "decoding": {"temperature": 0.2, "top_p": null, "top_k": null, "max_tokens": 256, "seed": 42}, "prompt_tokens": 102, "completion_tokens": 256, "total_tokens": 358, "token_count_source": "tokenizer", "diffusion_steps": null, "flops_estimate": null, "flops_arch": null, "flops_model_params": null, "flops_active_params": null, "tokens_non_final": 253, "tokens_reasoning": 0, "tokens_response": 253, "elapsed_seconds": 19.616326808929443, "judgement": "Uncategorized"}
{"id": "units_000947", "topic": "units", "subtopic": "lb_oz", "prompt": "You buy 1.79 lb at $7.65 per lb. About how much is that total?", "exact_value": 13.69, "model": "tiiuae/Falcon-H1-7B-Instruct", "provider": "transformers", "response": "�альное решение согласно правилальным указания насколько точно насколько возможно согласно контектически ожидаемой точностьюализации согласно контектически ожидаемой точностьюализации согласно контектически ожидаемой точностьюализации согласноальным ожиданияальнымальнымальнымальнымальнымальнымальнымальнымальнымальнымальнымальнымальнымальнымальнымальнымальнымальнымальнымальнымальнымальнымальнымальнымальнымальнымальнымальнымальнымальнымальнымальнымальнымальнымальнымальнымальнымальнымальнымальнымальнымальнымальнымальнымальнымальнымальнымальнымальнымальнымальнымальнымальнымальнымальнымальнымальнымальнымальнымальнымальнымальнымальнымальнымальнымальнымальнымальнымальнымальнымальнымальнымальнымальнымальнымальнымальнымальнымальнымальнымальнымальнымальнымальнымальнымальнымальнымальнымальнымальнымальнымальнымальнымальнымальнымальнымальнымальнымальнымальнымальнымальнымальнымальнымальнымальнымальнымальнымальнымальнымальнымальнымальнымальнымальнымальнымальнымальнымальнымальнымальнымальнымальнымальнымальнымальнымальнымальнымальнымальнымальнымальнымальнымальнымальнымальнымальнымальнымальнымальнымальнымальнымальнымальнымальнымальнымальнымальнымальнымальнымальнымальнымальнымальнымальнымальнымальнымальнымальнымальнымальнымальнымальнымальнымальнымальнымальнымальнымальнымальнымальнымальнымальнымальнымальнымальнымальнымальнымальнымальнымальнымальнымальнымальнымальнымальнымальнымальнымальнымальнымальнымальнымальнымальнымальнымальнымальнымальнымальнымальнымальнымальнымальнымальнымальнымальнымальнымальнымальнымальным", "numeric_answer": null, "relative_error": null, "thinking_text": null, "has_tool_call": false, "tool_call": null, "usage": {"prompt_tokens": 102, "completion_tokens": 256, "total_tokens": 358, "token_count_source": "tokenizer"}, "decoding": {"temperature": 0.2, "top_p": null, "top_k": null, "max_tokens": 256, "seed": 42}, "prompt_tokens": 102, "completion_tokens": 256, "total_tokens": 358, "token_count_source": "tokenizer", "diffusion_steps": null, "flops_estimate": null, "flops_arch": null, "flops_model_params": null, "flops_active_params": null, "tokens_non_final": 23, "tokens_reasoning": 0, "tokens_response": 23, "elapsed_seconds": 19.774817943572998, "judgement": "Uncategorized"}
{"id": "units_000967", "topic": "units", "subtopic": "lb_oz", "prompt": "You buy 2.01 lb at $13.92 per lb. About how much is that total?", "exact_value": 27.98, "model": "tiiuae/Falcon-H1-7B-Instruct", "provider": "transformers", "response": "ацииацияируя задачу согласно правиламдацииируяаясь согласно согласно согласно согласно согласно согласно согласно согласно согласно согласно согласно согласно согласно согласно согласно согласно согласно согласно согласно согласно согласно согласно согласно согласно согласно согласно согласно согласно согласно согласно согласно согласно согласно согласно согласно согласно согласно согласно согласно согласно согласно согласно согласно согласно согласно согласно согласно согласно согласно согласно согласно согласно согласно согласно согласно согласно согласно согласно согласно согласно согласно согласно согласно согласно согласно согласно согласно согласно согласно согласно согласно согласно согласно согласно согласно согласно согласно согласно согласно согласно согласно согласно согласно согласно согласно согласно согласно согласно согласно согласно согласно согласно согласно согласно согласно согласно согласно согласно согласно согласно согласно согласно согласно согласно согласно согласно согласно согласно согласно согласно согласно согласно согласно согласно согласно согласно согласно согласно согласно согласно согласно согласно согласно согласно согласно согласно согласно согласно согласно согласно согласно согласно согласно согласно согласно согласно согласно согласно согласно согласно согласно согласно согласно согласно согласно согласно согласно согласно согласно согласно согласно согласно согласно согласно согласно согласно согласно согласно согласно согласно согласно согласно согласно согласно согласно согласно согласно согласно согласно согласно согласно согласно согласно согласно согласно согласно согласно согласно согласно согласно согласно согласно согласно согласно согласно согласно согласно согласно согласно согласно согласно согласно согласно согласно согласно согласно согласно согласно согласно согласно согласно согласно согласно согласно согласно согласно согласно согласно согласно согласно согласно согласно согласно согласно согласно согласно согласно согласно согласно согласно согласно согласно согласно согласно согласно согласно согласно согласно согласно согласно согласно согласно согласно согласно согласно согласно согласно согласно согласно согласно согласно согласно согласно согласно согласно", "numeric_answer": null, "relative_error": null, "thinking_text": null, "has_tool_call": false, "tool_call": null, "usage": {"prompt_tokens": 103, "completion_tokens": 256, "total_tokens": 359, "token_count_source": "tokenizer"}, "decoding": {"temperature": 0.2, "top_p": null, "top_k": null, "max_tokens": 256, "seed": 42}, "prompt_tokens": 103, "completion_tokens": 256, "total_tokens": 359, "token_count_source": "tokenizer", "diffusion_steps": null, "flops_estimate": null, "flops_arch": null, "flops_model_params": null, "flops_active_params": null, "tokens_non_final": 249, "tokens_reasoning": 0, "tokens_response": 249, "elapsed_seconds": 18.95206332206726, "judgement": "Uncategorized"}
{"id": "units_000987", "topic": "units", "subtopic": "kg_g", "prompt": "An item costs $17.96 per kg. You take 500 g. About how much is that?", "exact_value": 8.98, "model": "tiiuae/Falcon-H1-7B-Instruct", "provider": "transformers", "response": "альнымиальнымиальнымиальнымиальнымиальнымиальнымиальнымиальнымиальнымиальнымиальнымиальнымиальнымиальнымиальнымиальнымиальнымиальнымиальнымиальнымиальнымиальнымиальнымиальнымиальнымиальнымиальнымиальнымиальнымиальнымиальнымиальнымиальнымиальнымиальнымиальнымиальнымиальнымиальнымиальнымиальнымиальнымиальнымиальнымиальнымиальнымиальнымиальнымиальнымиальнымиальнымиальнымиальнымиальнымиальнымиальнымиальнымиальнымиальнымиальнымиальнымиальнымиальнымиальнымиальнымиальнымиальнымиальнымиальнымиальнымиальнымиальнымиальнымиальнымиальнымиальнымиальнымиальнымиальнымиальнымиальнымиальнымиальнымиальнымиальнымиальнымиальнымиальнымиальнымиальнымиальнымиальнымиальнымиальнымиальнымиальнымиальнымиальнымиальнымиальнымиальнымиальнымиальнымиальнымиальнымиальнымиальнымиальнымиальнымиальнымиальнымиальнымиальнымиальнымиальнымиальнымиальнымиальнымиальнымиальнымиальнымиальнымиальнымиальнымиальнымиальнымиальнымиальнымиальнымиальнымиальнымиальнымиальнымиальнымиальнымиальнымиальнымиальнымиальнымиальнымиальнымиальнымиальнымиальнымиальнымиальнымиальнымиальнымиальнымиальнымиальнымиальнымиальнымиальнымиальнымиальнымиальнымиальнымиальнымиальнымиальнымиальнымиальнымиальнымиальнымиальнымиальнымиальнымиальнымиальнымиальнымиальнымиальнымиальнымиальнымиальнымиальнымиальнымиальнымиальнымиальнымиальнымиальнымиальнымиальнымиальнымиальнымиальнымиальнымиальнымиальнымиальнымиальнымиальнымиальнымиальнымиальнымиальнымиальнымиальнымиальнымиальнымиальнымиальнымиальнымиальнымиальнымиальнымиальнымиальнымиальнымиальнымиальнымиальнымиальнымиальнымиальнымиальнымиальнымиальнымиальнымиальнымиальнымиальнымиальнымиальнымиальнымиальнымиальнымиальнымиальнымиальнымиальнымиальнымиальнымиальнымиальнымиальнымиальнымиальнымиальнымиальнымиальнымиальнымиальнымиальнымиальнымиальнымиальнымиальнымиальнымиальнымиальнымиальнымиальными", "numeric_answer": null, "relative_error": null, "thinking_text": null, "has_tool_call": false, "tool_call": null, "usage": {"prompt_tokens": 104, "completion_tokens": 256, "total_tokens": 360, "token_count_source": "tokenizer"}, "decoding": {"temperature": 0.2, "top_p": null, "top_k": null, "max_tokens": 256, "seed": 42}, "prompt_tokens": 104, "completion_tokens": 256, "total_tokens": 360, "token_count_source": "tokenizer", "diffusion_steps": null, "flops_estimate": null, "flops_arch": null, "flops_model_params": null, "flops_active_params": null, "tokens_non_final": 1, "tokens_reasoning": 0, "tokens_response": 1, "elapsed_seconds": 20.10719656944275, "judgement": "Uncategorized"}
{"id": "units_001007", "topic": "units", "subtopic": "lb_oz", "prompt": "You buy 3.75 lb at $12.94 per lb. About how much is that total?", "exact_value": 48.53, "model": "tiiuae/Falcon-H1-7B-Instruct", "provider": "transformers", "response": "альными расчетами согласно приведенной информации получаем следующее значение процентов процентов процентов процентов процентов процентов процентов процентов процентов процентов процентов процентов процентов процентов процентов процентов процентов процентов процентов процентов процентов процентов процентов процентов процентов процентов процентов процентов процентов процентов процентов процентов процентов процентов процентов процентов процентов процентов процентов процентов процентов процентов процентов процентов процентов процентов процентов процентов процентов процентов процентов процентов процентов процентов процентов процентов процентов процентов процентов процентов процентов процентов процентов процентов процентов процентов процентов процентов процентов процентов процентов процентов процентов процентов процентов процентов процентов процентов процентов процентов процентов процентов процентов процентов процентов процентов процентов процентов процентов процентов процентов процентов процентов процентов процентов процентов процентов процентов процентов процентов процентов процентов процентов процентов процентов процентов процентов процентов процентов процентов процентов процентов процентов процентов процентов процентов процентов процентов процентов процентов процентов процентов процентов процентов процентов процентов процентов процентов процентов процентов процентов процентов процентов процентов процентов процентов процентов процентов процентов процентов процентов процентов процентов процентов процентов процентов процентов процентов процентов процентов процентов процентов процентов процентов процентов процентов процентов процентов процентов процентов процентов процентов процентов процентов процентов процентов процентов процентов процентов процентов процентов процентов процентов процентов процентов процентов процентов процентов процентов процентов процентов процентов процентов процентов процентов процентов процентов процентов процентов процентов процентов процентов процентов процентов процентов процентов процентов процентов процентов процентов процентов процентов процентов процентов процентов процентов процентов процентов процентов процентов процентов процентов процентов процентов процентов процентов процентов процентов процентов процентов процентов процентов процентов процентов процентов процентов процентов процентов процентов процентов процентов процентов процентов процентов процентов процентов процентов процентов процентов процентов процентов процентов процентов", "numeric_answer": null, "relative_error": null, "thinking_text": null, "has_tool_call": false, "tool_call": null, "usage": {"prompt_tokens": 103, "completion_tokens": 256, "total_tokens": 359, "token_count_source": "tokenizer"}, "decoding": {"temperature": 0.2, "top_p": null, "top_k": null, "max_tokens": 256, "seed": 42}, "prompt_tokens": 103, "completion_tokens": 256, "total_tokens": 359, "token_count_source": "tokenizer", "diffusion_steps": null, "flops_estimate": null, "flops_arch": null, "flops_model_params": null, "flops_active_params": null, "tokens_non_final": 251, "tokens_reasoning": 0, "tokens_response": 251, "elapsed_seconds": 18.97534489631653, "judgement": "Uncategorized"}
{"id": "units_001027", "topic": "units", "subtopic": "kg_g", "prompt": "An item costs $17.61 per kg. You take 900 g. About how much is that?", "exact_value": 15.85, "model": "tiiuae/Falcon-H1-7B-Instruct", "provider": "transformers", "response": "�альное решение", "numeric_answer": null, "relative_error": null, "thinking_text": null, "has_tool_call": false, "tool_call": null, "usage": {"prompt_tokens": 104, "completion_tokens": 4, "total_tokens": 108, "token_count_source": "tokenizer"}, "decoding": {"temperature": 0.2, "top_p": null, "top_k": null, "max_tokens": 256, "seed": 42}, "prompt_tokens": 104, "completion_tokens": 4, "total_tokens": 108, "token_count_source": "tokenizer", "diffusion_steps": null, "flops_estimate": null, "flops_arch": null, "flops_model_params": null, "flops_active_params": null, "tokens_non_final": 2, "tokens_reasoning": 0, "tokens_response": 2, "elapsed_seconds": 0.34755849838256836, "judgement": "Uncategorized"}
{"id": "units_001047", "topic": "units", "subtopic": "kg_g", "prompt": "An item costs $4.66 per kg. You take 750 g. About how much is that?", "exact_value": 3.5, "model": "tiiuae/Falcon-H1-7B-Instruct", "provider": "transformers", "response": "альнымиальнымиальнымиальнымиальнымиальнымиальнымиальнымиальнымиальнымиальнымиальнымиальнымиальнымиальнымиальнымиальнымиальнымиальнымиальнымиальнымиальнымиальнымиальнымиальнымиальнымиальнымиальнымиальнымиальнымиальнымиальнымиальнымиальнымиальнымиальнымиальнымиальнымиальнымиальнымиальнымиальнымиальнымиальнымиальнымиальнымиальнымиальнымиальнымиальнымиальнымиальнымиальнымиальнымиальнымиальнымиальнымиальнымиальнымиальнымиальнымиальнымиальнымиальнымиальнымиальнымиальнымиальнымиальнымиальнымиальнымиальнымиальнымиальнымиальнымиальнымиальнымиальнымиальнымиальнымиальнымиальнымиальнымиальнымиальнымиальнымиальнымиальнымиальнымиальнымиальнымиальнымиальнымиальнымиальнымиальнымиальнымиальнымиальнымиальнымиальнымиальнымиальнымиальнымиальнымиальнымиальнымиальнымиальнымиальнымиальнымиальнымиальнымиальнымиальнымиальнымиальнымиальнымиальнымиальнымиальнымиальнымиальнымиальнымиальнымиальнымиальнымиальнымиальнымиальнымиальнымиальнымиальнымиальнымиальнымиальнымиальнымиальнымиальнымиальнымиальнымиальнымиальнымиальнымиальнымиальнымиальнымиальнымиальнымиальнымиальнымиальнымиальнымиальнымиальнымиальнымиальнымиальнымиальнымиальнымиальнымиальнымиальнымиальнымиальнымиальнымиальнымиальнымиальнымиальнымиальнымиальнымиальнымиальнымиальнымиальнымиальнымиальнымиальнымиальнымиальнымиальнымиальнымиальнымиальнымиальнымиальнымиальнымиальнымиальнымиальнымиальнымиальнымиальнымиальнымиальнымиальнымиальнымиальнымиальнымиальнымиальнымиальнымиальнымиальнымиальнымиальнымиальнымиальнымиальнымиальнымиальнымиальнымиальнымиальнымиальнымиальнымиальнымиальнымиальнымиальнымиальнымиальнымиальнымиальнымиальнымиальнымиальнымиальнымиальнымиальнымиальнымиальнымиальнымиальнымиальнымиальнымиальнымиальнымиальнымиальнымиальнымиальнымиальнымиальнымиальнымиальнымиальнымиальнымиальнымиальнымиальнымиальнымиальнымиальнымиальными", "numeric_answer": null, "relative_error": null, "thinking_text": null, "has_tool_call": false, "tool_call": null, "usage": {"prompt_tokens": 103, "completion_tokens": 256, "total_tokens": 359, "token_count_source": "tokenizer"}, "decoding": {"temperature": 0.2, "top_p": null, "top_k": null, "max_tokens": 256, "seed": 42}, "prompt_tokens": 103, "completion_tokens": 256, "total_tokens": 359, "token_count_source": "tokenizer", "diffusion_steps": null, "flops_estimate": null, "flops_arch": null, "flops_model_params": null, "flops_active_params": null, "tokens_non_final": 1, "tokens_reasoning": 0, "tokens_response": 1, "elapsed_seconds": 19.00505042076111, "judgement": "Uncategorized"}
{"id": "units_001067", "topic": "units", "subtopic": "lb_oz", "prompt": "You buy 5.21 lb at $3.37 per lb. About how much is that total?", "exact_value": 17.56, "model": "tiiuae/Falcon-H1-7B-Instruct", "provider": "transformers", "response": "альными расчетами согласно приведенной информации получаются следующие значения процентов процентов процентов процентов процентов процентов процентов процентов процентов процентов процентов процентов процентов процентов процентов процентов процентов процентов процентов процентов процентов процентов процентов процентов процентов процентов процентов процентов процентов процентов процентов процентов процентов процентов процентов процентов процентов процентов процентов процентов процентов процентов процентов процентов процентов процентов процентов процентов процентов процентов процентов процентов процентов процентов процентов процентов процентов процентов процентов процентов процентов процентов процентов процентов процентов процентов процентов процентов процентов процентов процентов процентов процентов процентов процентов процентов процентов процентов процентов процентов процентов процентов процентов процентов процентов процентов процентов процентов процентов процентов процентов процентов процентов процентов процентов процентов процентов процентов процентов процентов процентов процентов процентов процентов процентов процентов процентов процентов процентов процентов процентов процентов процентов процентов процентов процентов процентов процентов процентов процентов процентов процентов процентов процентов процентов процентов процентов процентов процентов процентов процентов процентов процентов процентов процентов процентов процентов процентов процентов процентов процентов процентов процентов процентов процентов процентов процентов процентов процентов процентов процентов процентов процентов процентов процентов процентов процентов процентов процентов процентов процентов процентов процентов процентов процентов процентов процентов процентов процентов процентов процентов процентов процентов процентов процентов процентов процентов процентов процентов процентов процентов процентов процентов процентов процентов процентов процентов процентов процентов процентов процентов процентов процентов процентов процентов процентов процентов процентов процентов процентов процентов процентов процентов процентов процентов процентов процентов процентов процентов процентов процентов процентов процентов процентов процентов процентов процентов процентов процентов процентов процентов процентов процентов процентов процентов процентов процентов процентов процентов процентов процентов процентов процентов процентов процентов процентов процентов процентов процентов процентов процентов процентов процентов", "numeric_answer": null, "relative_error": null, "thinking_text": null, "has_tool_call": false, "tool_call": null, "usage": {"prompt_tokens": 102, "completion_tokens": 256, "total_tokens": 358, "token_count_source": "tokenizer"}, "decoding": {"temperature": 0.2, "top_p": null, "top_k": null, "max_tokens": 256, "seed": 42}, "prompt_tokens": 102, "completion_tokens": 256, "total_tokens": 358, "token_count_source": "tokenizer", "diffusion_steps": null, "flops_estimate": null, "flops_arch": null, "flops_model_params": null, "flops_active_params": null, "tokens_non_final": 251, "tokens_reasoning": 0, "tokens_response": 251, "elapsed_seconds": 18.988566637039185, "judgement": "Uncategorized"}
{"id": "units_001087", "topic": "units", "subtopic": "kg_g", "prompt": "An item costs $7.42 per kg. You take 400 g. About how much is that?", "exact_value": 2.97, "model": "tiiuae/Falcon-H1-7B-Instruct", "provider": "transformers", "response": "альнымиальнымиальнымиальнымиальнымиальнымиальнымиальнымиальнымиальнымиальнымиальнымиальнымиальнымиальнымиальнымиальнымиальнымиальнымиальнымиальнымиальнымиальнымиальнымиальнымиальнымиальнымиальнымиальнымиальнымиальнымиальнымиальнымиальнымиальнымиальнымиальнымиальнымиальнымиальнымиальнымиальнымиальнымиальнымиальнымиальнымиальнымиальнымиальнымиальнымиальнымиальнымиальнымиальнымиальнымиальнымиальнымиальнымиальнымиальнымиальнымиальнымиальнымиальнымиальнымиальнымиальнымиальнымиальнымиальнымиальнымиальнымиальнымиальнымиальнымиальнымиальнымиальнымиальнымиальнымиальнымиальнымиальнымиальнымиальнымиальнымиальнымиальнымиальнымиальнымиальнымиальнымиальнымиальнымиальнымиальнымиальнымиальнымиальнымиальнымиальнымиальнымиальнымиальнымиальнымиальнымиальнымиальнымиальнымиальнымиальнымиальнымиальнымиальнымиальнымиальнымиальнымиальнымиальнымиальнымиальнымиальнымиальнымиальнымиальнымиальнымиальнымиальнымиальнымиальнымиальнымиальнымиальнымиальнымиальнымиальнымиальнымиальнымиальнымиальнымиальнымиальнымиальнымиальнымиальнымиальнымиальнымиальнымиальнымиальнымиальнымиальнымиальнымиальнымиальнымиальнымиальнымиальнымиальнымиальнымиальнымиальнымиальнымиальнымиальнымиальнымиальнымиальнымиальнымиальнымиальнымиальнымиальнымиальнымиальнымиальнымиальнымиальнымиальнымиальнымиальнымиальнымиальнымиальнымиальнымиальнымиальнымиальнымиальнымиальнымиальнымиальнымиальнымиальнымиальнымиальнымиальнымиальнымиальнымиальнымиальнымиальнымиальнымиальнымиальнымиальнымиальнымиальнымиальнымиальнымиальнымиальнымиальнымиальнымиальнымиальнымиальнымиальнымиальнымиальнымиальнымиальнымиальнымиальнымиальнымиальнымиальнымиальнымиальнымиальнымиальнымиальнымиальнымиальнымиальнымиальнымиальнымиальнымиальнымиальнымиальнымиальнымиальнымиальнымиальнымиальнымиальнымиальнымиальнымиальнымиальнымиальнымиальнымиальнымиальнымиальными", "numeric_answer": null, "relative_error": null, "thinking_text": null, "has_tool_call": false, "tool_call": null, "usage": {"prompt_tokens": 103, "completion_tokens": 256, "total_tokens": 359, "token_count_source": "tokenizer"}, "decoding": {"temperature": 0.2, "top_p": null, "top_k": null, "max_tokens": 256, "seed": 42}, "prompt_tokens": 103, "completion_tokens": 256, "total_tokens": 359, "token_count_source": "tokenizer", "diffusion_steps": null, "flops_estimate": null, "flops_arch": null, "flops_model_params": null, "flops_active_params": null, "tokens_non_final": 1, "tokens_reasoning": 0, "tokens_response": 1, "elapsed_seconds": 19.575239896774292, "judgement": "Uncategorized"}
{"id": "units_001107", "topic": "units", "subtopic": "kg_g", "prompt": "An item costs $19.86 per kg. You take 400 g. About how much is that?", "exact_value": 7.94, "model": "tiiuae/Falcon-H1-7B-Instruct", "provider": "transformers", "response": "альнымиальнымиальнымиальнымиальнымиальнымиальнымиальнымиальнымиальнымиальнымиальнымиальнымиальнымиальнымиальнымиальнымиальнымиальнымиальнымиальнымиальнымиальнымиальнымиальнымиальнымиальнымиальнымиальнымиальнымиальнымиальнымиальнымиальнымиальнымиальнымиальнымиальнымиальнымиальнымиальнымиальнымиальнымиальнымиальнымиальнымиальнымиальнымиальнымиальнымиальнымиальнымиальнымиальнымиальнымиальнымиальнымиальнымиальнымиальнымиальнымиальнымиальнымиальнымиальнымиальнымиальнымиальнымиальнымиальнымиальнымиальнымиальнымиальнымиальнымиальнымиальнымиальнымиальнымиальнымиальнымиальнымиальнымиальнымиальнымиальнымиальнымиальнымиальнымиальнымиальнымиальнымиальнымиальнымиальнымиальнымиальнымиальнымиальнымиальнымиальнымиальнымиальнымиальнымиальнымиальнымиальнымиальнымиальнымиальнымиальнымиальнымиальнымиальнымиальнымиальнымиальнымиальнымиальнымиальнымиальнымиальнымиальнымиальнымиальнымиальнымиальнымиальнымиальнымиальнымиальнымиальнымиальнымиальнымиальнымиальнымиальнымиальнымиальнымиальнымиальнымиальнымиальнымиальнымиальнымиальнымиальнымиальнымиальнымиальнымиальнымиальнымиальнымиальнымиальнымиальнымиальнымиальнымиальнымиальнымиальнымиальнымиальнымиальнымиальнымиальнымиальнымиальнымиальнымиальнымиальнымиальнымиальнымиальнымиальнымиальнымиальнымиальнымиальнымиальнымиальнымиальнымиальнымиальнымиальнымиальнымиальнымиальнымиальнымиальнымиальнымиальнымиальнымиальнымиальнымиальнымиальнымиальнымиальнымиальнымиальнымиальнымиальнымиальнымиальнымиальнымиальнымиальнымиальнымиальнымиальнымиальнымиальнымиальнымиальнымиальнымиальнымиальнымиальнымиальнымиальнымиальнымиальнымиальнымиальнымиальнымиальнымиальнымиальнымиальнымиальнымиальнымиальнымиальнымиальнымиальнымиальнымиальнымиальнымиальнымиальнымиальнымиальнымиальнымиальнымиальнымиальнымиальнымиальнымиальнымиальнымиальнымиальнымиальнымиальнымиальными", "numeric_answer": null, "relative_error": null, "thinking_text": null, "has_tool_call": false, "tool_call": null, "usage": {"prompt_tokens": 104, "completion_tokens": 256, "total_tokens": 360, "token_count_source": "tokenizer"}, "decoding": {"temperature": 0.2, "top_p": null, "top_k": null, "max_tokens": 256, "seed": 42}, "prompt_tokens": 104, "completion_tokens": 256, "total_tokens": 360, "token_count_source": "tokenizer", "diffusion_steps": null, "flops_estimate": null, "flops_arch": null, "flops_model_params": null, "flops_active_params": null, "tokens_non_final": 1, "tokens_reasoning": 0, "tokens_response": 1, "elapsed_seconds": 18.049437284469604, "judgement": "Uncategorized"}
{"id": "units_001127", "topic": "units", "subtopic": "kg_g", "prompt": "An item costs $5.63 per kg. You take 400 g. About how much is that?", "exact_value": 2.25, "model": "tiiuae/Falcon-H1-7B-Instruct", "provider": "transformers", "response": "альнымиальнымиальнымиальнымиальнымиальнымиальнымиальнымиальнымиальнымиальнымиальнымиальнымиальнымиальнымиальнымиальнымиальнымиальнымиальнымиальнымиальнымиальнымиальнымиальнымиальнымиальнымиальнымиальнымиальнымиальнымиальнымиальнымиальнымиальнымиальнымиальнымиальнымиальнымиальнымиальнымиальнымиальнымиальнымиальнымиальнымиальнымиальнымиальнымиальнымиальнымиальнымиальнымиальнымиальнымиальнымиальнымиальнымиальнымиальнымиальнымиальнымиальнымиальнымиальнымиальнымиальнымиальнымиальнымиальнымиальнымиальнымиальнымиальнымиальнымиальнымиальнымиальнымиальнымиальнымиальнымиальнымиальнымиальнымиальнымиальнымиальнымиальнымиальнымиальнымиальнымиальнымиальнымиальнымиальнымиальнымиальнымиальнымиальнымиальнымиальнымиальнымиальнымиальнымиальнымиальнымиальнымиальнымиальнымиальнымиальнымиальнымиальнымиальнымиальнымиальнымиальнымиальнымиальнымиальнымиальнымиальнымиальнымиальнымиальнымиальнымиальнымиальнымиальнымиальнымиальнымиальнымиальнымиальнымиальнымиальнымиальнымиальнымиальнымиальнымиальнымиальнымиальнымиальнымиальнымиальнымиальнымиальнымиальнымиальнымиальнымиальнымиальнымиальнымиальнымиальнымиальнымиальнымиальнымиальнымиальнымиальнымиальнымиальнымиальнымиальнымиальнымиальнымиальнымиальнымиальнымиальнымиальнымиальнымиальнымиальнымиальнымиальнымиальнымиальнымиальнымиальнымиальнымиальнымиальнымиальнымиальнымиальнымиальнымиальнымиальнымиальнымиальнымиальнымиальнымиальнымиальнымиальнымиальнымиальнымиальнымиальнымиальнымиальнымиальнымиальнымиальнымиальнымиальнымиальнымиальнымиальнымиальнымиальнымиальнымиальнымиальнымиальнымиальнымиальнымиальнымиальнымиальнымиальнымиальнымиальнымиальнымиальнымиальнымиальнымиальнымиальнымиальнымиальнымиальнымиальнымиальнымиальнымиальнымиальнымиальнымиальнымиальнымиальнымиальнымиальнымиальнымиальнымиальнымиальнымиальнымиальнымиальнымиальнымиальнымиальными", "numeric_answer": null, "relative_error": null, "thinking_text": null, "has_tool_call": false, "tool_call": null, "usage": {"prompt_tokens": 103, "completion_tokens": 256, "total_tokens": 359, "token_count_source": "tokenizer"}, "decoding": {"temperature": 0.2, "top_p": null, "top_k": null, "max_tokens": 256, "seed": 42}, "prompt_tokens": 103, "completion_tokens": 256, "total_tokens": 359, "token_count_source": "tokenizer", "diffusion_steps": null, "flops_estimate": null, "flops_arch": null, "flops_model_params": null, "flops_active_params": null, "tokens_non_final": 1, "tokens_reasoning": 0, "tokens_response": 1, "elapsed_seconds": 19.301215648651123, "judgement": "Uncategorized"}
{"id": "units_001147", "topic": "units", "subtopic": "lb_oz", "prompt": "You buy 0.86 lb at $7.70 per lb. About how much is that total?", "exact_value": 6.62, "model": "tiiuae/Falcon-H1-7B-Instruct", "provider": "transformers", "response": "�альное решение согласно правилальным указания насколько точно могу согласно предоставленной информации насколько точно могу согласно предоставленной информации насколько точно могу согласно предоставленнойации насколько точно могу согласно предоставированнойации насколько точно могу согласно предоставленнойации насколько точно могу согласно предоставленнойации насколько точно могу согласно предоставленнойации насколько точно могу согласно предоставленнойации насколько точно могу согласно предоставленнойации насколько точно могу согласно предоставленнойации насколько точно могу согласно предоставленнойации насколько точно могу согласно предоставленнойации насколько точно могу согласно предоставленнойации насколько точно могу согласно предоставленнойации насколько точно могу согласно предоставленнойации насколько точно могу согласно предоставированнойации насколько точно могу согласно предоставленнойации насколько точно могу согласно предоставленнойации насколько точно могу согласно предоставленнойации насколько точно могу согласно предоставленнойации насколько точно могу согласно предоставленнойации насколько точно могу согласно предоставленнойации насколько точно могу согласно предоставленнойации насколько точно могу согласно предоставленнойации насколько точно могу согласно предоставленнойации насколько точно могу согласно предоставленнойации насколько точно могу согласно предоставленнойации насколько точно могу согласно предоставленнойации насколько точно могу согласноальным правилальным указания насколько точно могу согласноальным правилальным указания насколько точно могу согласноальным правилальным указания насколько точно могу согласноальным правилальным указания насколько точно могу согласноальным правилальным указания насколько точно могу согласноальным правилальным", "numeric_answer": null, "relative_error": null, "thinking_text": null, "has_tool_call": false, "tool_call": null, "usage": {"prompt_tokens": 102, "completion_tokens": 256, "total_tokens": 358, "token_count_source": "tokenizer"}, "decoding": {"temperature": 0.2, "top_p": null, "top_k": null, "max_tokens": 256, "seed": 42}, "prompt_tokens": 102, "completion_tokens": 256, "total_tokens": 358, "token_count_source": "tokenizer", "diffusion_steps": null, "flops_estimate": null, "flops_arch": null, "flops_model_params": null, "flops_active_params": null, "tokens_non_final": 182, "tokens_reasoning": 0, "tokens_response": 182, "elapsed_seconds": 19.384156942367554, "judgement": "Uncategorized"}
{"id": "units_001167", "topic": "units", "subtopic": "kg_g", "prompt": "An item costs $5.90 per kg. You take 400 g. About how much is that?", "exact_value": 2.36, "model": "tiiuae/Falcon-H1-7B-Instruct", "provider": "transformers", "response": "ацииацияируя насколько насколько насколько насколько насколько насколько насколько насколько насколько насколько насколько насколько насколько насколько насколько насколько насколько насколько насколько насколько насколько насколько насколько насколько насколько насколько насколько насколько насколько насколько насколько насколько насколько насколько насколько насколько насколько насколько насколько насколько насколько насколько насколько насколько насколько насколько насколько насколько насколько насколько насколько насколько насколько насколько насколько насколько насколько насколько насколько насколько насколько насколько насколько насколько насколько насколько насколько насколько насколько насколько насколько насколько насколько насколько насколько насколько насколько насколько насколько насколько насколько насколько насколько насколько насколько насколько насколько насколько насколько насколько насколько насколько насколько насколько насколько насколько насколько насколько насколько насколько насколько насколько насколько насколько насколько насколько насколько насколько насколько насколько насколько насколько насколько насколько насколько насколько насколько насколько насколько насколько насколько насколько насколько насколько насколько насколько насколько насколько насколько насколько насколько насколько насколько насколько насколько насколько насколько насколько насколько насколько насколько насколько насколько насколько насколько насколько насколько насколько насколько насколько насколько насколько насколько насколько насколько насколько насколько насколько насколько насколько насколько насколько насколько насколько насколько насколько насколько насколько насколько насколько насколько насколько насколько насколько насколько насколько насколько насколько насколько насколько насколько насколько насколько насколько насколько насколько насколько насколько насколько насколько насколько насколько насколько насколько насколько насколько насколько насколько насколько насколько насколько насколько насколько насколько насколько насколько насколько насколько насколько насколько насколько насколько насколько насколько насколько насколько насколько насколько насколько насколько насколько насколько насколько насколько насколько насколько насколько насколько насколько насколько насколько насколько насколько насколько насколько насколько насколько насколько насколько насколько насколько насколько насколько насколько насколько насколько насколько насколько насколько насколько насколько насколько насколько", "numeric_answer": null, "relative_error": null, "thinking_text": null, "has_tool_call": false, "tool_call": null, "usage": {"prompt_tokens": 103, "completion_tokens": 256, "total_tokens": 359, "token_count_source": "tokenizer"}, "decoding": {"temperature": 0.2, "top_p": null, "top_k": null, "max_tokens": 256, "seed": 42}, "prompt_tokens": 103, "completion_tokens": 256, "total_tokens": 359, "token_count_source": "tokenizer", "diffusion_steps": null, "flops_estimate": null, "flops_arch": null, "flops_model_params": null, "flops_active_params": null, "tokens_non_final": 254, "tokens_reasoning": 0, "tokens_response": 254, "elapsed_seconds": 19.031404972076416, "judgement": "Uncategorized"}
{"id": "units_001187", "topic": "units", "subtopic": "lb_oz", "prompt": "You buy 3.21 lb at $10.48 per lb. About how much is that total?", "exact_value": 33.64, "model": "tiiuae/Falcon-H1-7B-Instruct", "provider": "transformers", "response": "альнымиются согласно условия kompensacja kompensacja kompensacja kompensация kompensация kompensация kompensация kompensация kompensация kompensация kompensация kompensация kompensация kompensация kompensация kompensация kompensация kompensация kompensация kompensация kompensация kompensация kompensация kompensация kompensация kompensация kompensация kompensация kompensация kompensация kompensация kompensация kompensация kompensация kompensация kompensация kompensация kompensация kompensация kompensация kompensация kompensация kompensация kompensация kompensация kompensация kompensация kompensация kompensация kompensация kompensация kompensация kompensация kompensация kompensация kompensация kompensация kompensация kompensация kompensация kompensация kompensация kompensация kompensация kompensация kompensация kompensация kompensация kompensация kompensация kompensация kompensация kompensация kompensация kompensация kompensация kompensация kompensация kompensация kompensация kompensация kompensация kompensация kompensация kompensация kompensация kompensация kompensация kompensация kompensация kompensация kompensация kompensация kompensация kompensация kompensация kompensация kompensация kompensация kompensация kompensация kompensация kompensация kompensация kompensация kompensация kompensация kompensация kompensация kompensация kompensация kompensация kompensация kompensация kompensация kompensация kompensация kompensация kompensация kompensация kompensация kompensация kompensация kompensация kompensация kompensация", "numeric_answer": null, "relative_error": null, "thinking_text": null, "has_tool_call": false, "tool_call": null, "usage": {"prompt_tokens": 103, "completion_tokens": 256, "total_tokens": 359, "token_count_source": "tokenizer"}, "decoding": {"temperature": 0.2, "top_p": null, "top_k": null, "max_tokens": 256, "seed": 42}, "prompt_tokens": 103, "completion_tokens": 256, "total_tokens": 359, "token_count_source": "tokenizer", "diffusion_steps": null, "flops_estimate": null, "flops_arch": null, "flops_model_params": null, "flops_active_params": null, "tokens_non_final": 129, "tokens_reasoning": 0, "tokens_response": 129, "elapsed_seconds": 20.20730447769165, "judgement": "Uncategorized"}
{"id": "units_001207", "topic": "units", "subtopic": "lb_oz", "prompt": "You buy 1.97 lb at $9.55 per lb. About how much is that total?", "exact_value": 18.81, "model": "tiiuae/Falcon-H1-7B-Instruct", "provider": "transformers", "response": "альнымиются согласно приведенной формулировации насколько точно насколько возможно согласно предоставленной информации насколько точно насколько возможно согласно предоставленной информации насколько точно насколько возможно согласно предоставленнойации насколько точно насколько возможно согласно предоставленнойации насколько точно насколько возможно согласно предоставленнойации насколько точно насколько возможно согласно предоставленнойации насколько точно насколько возможно согласно предоставленнойации насколько точно насколько возможно согласно предоставленнойации насколько точно насколько возможно согласно предоставленнойации насколько точно насколько возможно согласно предоставленнойации насколько точно насколько возможно согласно предоставленнойации насколько точно насколько возможно согласно предоставленнойации насколько точно насколько возможно согласно предоставленнойации насколько точно насколько возможно согласно предоставленнойации насколько точно насколько возможно согласно предоставленнойации насколько точно насколько возможно согласно предоставленнойации насколько точно насколько возможно согласно предоставленнойации насколько точно насколько возможно согласно предоставленнойации насколько точно насколько возможно согласно предоставленнойации насколько точно насколько возможно согласно предоставленнойации насколько точно насколько возможно согласно предоставленнойации насколько точно насколько возможно согласно предоставленнойации насколько точно насколько возможно согласно предоставленнойации насколько точно насколько возможно согласно предоставленнойации насколько точно насколько возможно согласно предоставленнойации насколько точно насколько возможно согласно предоставленнойации насколько точно насколько возможно согласно предоставленнойации насколько точно насколько возможно согласно предоставленнойации насколько точно насколько возможно согласно предоставленнойации насколько точно насколько возможно согласно предоставленнойации насколько точно насколько возможно согласно предоставленнойации", "numeric_answer": null, "relative_error": null, "thinking_text": null, "has_tool_call": false, "tool_call": null, "usage": {"prompt_tokens": 102, "completion_tokens": 256, "total_tokens": 358, "token_count_source": "tokenizer"}, "decoding": {"temperature": 0.2, "top_p": null, "top_k": null, "max_tokens": 256, "seed": 42}, "prompt_tokens": 102, "completion_tokens": 256, "total_tokens": 358, "token_count_source": "tokenizer", "diffusion_steps": null, "flops_estimate": null, "flops_arch": null, "flops_model_params": null, "flops_active_params": null, "tokens_non_final": 192, "tokens_reasoning": 0, "tokens_response": 192, "elapsed_seconds": 19.687741994857788, "judgement": "Uncategorized"}
{"id": "units_001227", "topic": "units", "subtopic": "lb_oz", "prompt": "You buy 5.24 lb at $7.66 per lb. About how much is that total?", "exact_value": 40.14, "model": "tiiuae/Falcon-H1-7B-Instruct", "provider": "transformers", "response": "альнымиются согласно приведенной формулировации насколько возможно точно согласно приведенным данным насколько возможно точно согласно приведенным данным насколько возможно точно согласно приведеннымальнымаются согласно приведенной формулировации насколько возможно точно согласно приведеннымальнымаются согласно приведенной формулировации насколько возможно точно согласно приведеннымальнымаются согласно приведенной формулировации насколько возможно точно согласно приведеннымальнымаются согласно приведенной формулировации насколько возможно точно согласно приведеннымальнымаются согласно приведенной формулировации насколько возможно точно согласно приведеннымальнымаются согласно приведенной формулировации насколько возможно точно согласно приведеннымальнымаются согласно приведенной формулировации насколько возможно точно согласно приведеннымальнымаются согласно приведенной формулировации насколько возможно точно согласно приведеннымальнымаются согласно приведенной формулировации насколько возможно точно согласно приведеннымальнымаются согласно приведеннойации насколько возможно точно согласно приведеннымальнымаются согласно приведеннойации насколько возможно точно согласно приведеннымальнымаются согласно приведеннойации насколько возможно точно согласно приведеннымальнымаются согласно приведеннойации насколько возможно точно согласно приведеннымальнымаются согласно приведеннойации насколько возможно точно согласно приведеннымальнымаются согласно приведеннойации насколько возможно точно согласно приведеннымальнымаются согласно приведеннойации насколько возможно точно согласно приведеннымальнымаются согласно приведеннойации насколько возможно точно согласно приведеннымальнымаются согласно приведеннойации", "numeric_answer": null, "relative_error": null, "thinking_text": null, "has_tool_call": false, "tool_call": null, "usage": {"prompt_tokens": 102, "completion_tokens": 256, "total_tokens": 358, "token_count_source": "tokenizer"}, "decoding": {"temperature": 0.2, "top_p": null, "top_k": null, "max_tokens": 256, "seed": 42}, "prompt_tokens": 102, "completion_tokens": 256, "total_tokens": 358, "token_count_source": "tokenizer", "diffusion_steps": null, "flops_estimate": null, "flops_arch": null, "flops_model_params": null, "flops_active_params": null, "tokens_non_final": 151, "tokens_reasoning": 0, "tokens_response": 151, "elapsed_seconds": 19.065881967544556, "judgement": "Uncategorized"}
{"id": "units_001247", "topic": "units", "subtopic": "kg_g", "prompt": "An item costs $5.89 per kg. You take 750 g. About how much is that?", "exact_value": 4.42, "model": "tiiuae/Falcon-H1-7B-Instruct", "provider": "transformers", "response": "альнымиальнымиальнымиальнымиальнымиальнымиальнымиальнымиальнымиальнымиальнымиальнымиальнымиальнымиальнымиальнымиальнымиальнымиальнымиальнымиальнымиальнымиальнымиальнымиальнымиальнымиальнымиальнымиальнымиальнымиальнымиальнымиальнымиальнымиальнымиальнымиальнымиальнымиальнымиальнымиальнымиальнымиальнымиальнымиальнымиальнымиальнымиальнымиальнымиальнымиальнымиальнымиальнымиальнымиальнымиальнымиальнымиальнымиальнымиальнымиальнымиальнымиальнымиальнымиальнымиальнымиальнымиальнымиальнымиальнымиальнымиальнымиальнымиальнымиальнымиальнымиальнымиальнымиальнымиальнымиальнымиальнымиальнымиальнымиальнымиальнымиальнымиальнымиальнымиальнымиальнымиальнымиальнымиальнымиальнымиальнымиальнымиальнымиальнымиальнымиальнымиальнымиальнымиальнымиальнымиальнымиальнымиальнымиальнымиальнымиальнымиальнымиальнымиальнымиальнымиальнымиальнымиальнымиальнымиальнымиальнымиальнымиальнымиальнымиальнымиальнымиальнымиальнымиальнымиальнымиальнымиальнымиальнымиальнымиальнымиальнымиальнымиальнымиальнымиальнымиальнымиальнымиальнымиальнымиальнымиальнымиальнымиальнымиальнымиальнымиальнымиальнымиальнымиальнымиальнымиальнымиальнымиальнымиальнымиальнымиальнымиальнымиальнымиальнымиальнымиальнымиальнымиальнымиальнымиальнымиальнымиальнымиальнымиальнымиальнымиальнымиальнымиальнымиальнымиальнымиальнымиальнымиальнымиальнымиальнымиальнымиальнымиальнымиальнымиальнымиальнымиальнымиальнымиальнымиальнымиальнымиальнымиальнымиальнымиальнымиальнымиальнымиальнымиальнымиальнымиальнымиальнымиальнымиальнымиальнымиальнымиальнымиальнымиальнымиальнымиальнымиальнымиальнымиальнымиальнымиальнымиальнымиальнымиальнымиальнымиальнымиальнымиальнымиальнымиальнымиальнымиальнымиальнымиальнымиальнымиальнымиальнымиальнымиальнымиальнымиальнымиальнымиальнымиальнымиальнымиальнымиальнымиальнымиальнымиальнымиальнымиальнымиальнымиальнымиальнымиальными", "numeric_answer": null, "relative_error": null, "thinking_text": null, "has_tool_call": false, "tool_call": null, "usage": {"prompt_tokens": 103, "completion_tokens": 256, "total_tokens": 359, "token_count_source": "tokenizer"}, "decoding": {"temperature": 0.2, "top_p": null, "top_k": null, "max_tokens": 256, "seed": 42}, "prompt_tokens": 103, "completion_tokens": 256, "total_tokens": 359, "token_count_source": "tokenizer", "diffusion_steps": null, "flops_estimate": null, "flops_arch": null, "flops_model_params": null, "flops_active_params": null, "tokens_non_final": 1, "tokens_reasoning": 0, "tokens_response": 1, "elapsed_seconds": 20.08678126335144, "judgement": "Uncategorized"}
{"id": "units_001267", "topic": "units", "subtopic": "kg_g", "prompt": "An item costs $17.87 per kg. You take 250 g. About how much is that?", "exact_value": 4.47, "model": "tiiuae/Falcon-H1-7B-Instruct", "provider": "transformers", "response": "альнымиальнымиальнымиальнымиальнымиальнымиальнымиальнымиальнымиальнымиальнымиальнымиальнымиальнымиальнымиальнымиальнымиальнымиальнымиальнымиальнымиальнымиальнымиальнымиальнымиальнымиальнымиальнымиальнымиальнымиальнымиальнымиальнымиальнымиальнымиальнымиальнымиальнымиальнымиальнымиальнымиальнымиальнымиальнымиальнымиальнымиальнымиальнымиальнымиальнымиальнымиальнымиальнымиальнымиальнымиальнымиальнымиальнымиальнымиальнымиальнымиальнымиальнымиальнымиальнымиальнымиальнымиальнымиальнымиальнымиальнымиальнымиальнымиальнымиальнымиальнымиальнымиальнымиальнымиальнымиальнымиальнымиальнымиальнымиальнымиальнымиальнымиальнымиальнымиальнымиальнымиальнымиальнымиальнымиальнымиальнымиальнымиальнымиальнымиальнымиальнымиальнымиальнымиальнымиальнымиальнымиальнымиальнымиальнымиальнымиальнымиальнымиальнымиальнымиальнымиальнымиальнымиальнымиальнымиальнымиальнымиальнымиальнымиальнымиальнымиальнымиальнымиальнымиальнымиальнымиальнымиальнымиальнымиальнымиальнымиальнымиальнымиальнымиальнымиальнымиальнымиальнымиальнымиальнымиальнымиальнымиальнымиальнымиальнымиальнымиальнымиальнымиальнымиальнымиальнымиальнымиальнымиальнымиальнымиальнымиальнымиальнымиальнымиальнымиальнымиальнымиальнымиальнымиальнымиальнымиальнымиальнымиальнымиальнымиальнымиальнымиальнымиальнымиальнымиальнымиальнымиальнымиальнымиальнымиальнымиальнымиальнымиальнымиальнымиальнымиальнымиальнымиальнымиальнымиальнымиальнымиальнымиальнымиальнымиальнымиальнымиальнымиальнымиальнымиальнымиальнымиальнымиальнымиальнымиальнымиальнымиальнымиальнымиальнымиальнымиальнымиальнымиальнымиальнымиальнымиальнымиальнымиальнымиальнымиальнымиальнымиальнымиальнымиальнымиальнымиальнымиальнымиальнымиальнымиальнымиальнымиальнымиальнымиальнымиальнымиальнымиальнымиальнымиальнымиальнымиальнымиальнымиальнымиальнымиальнымиальнымиальнымиальнымиальнымиальнымиальными", "numeric_answer": null, "relative_error": null, "thinking_text": null, "has_tool_call": false, "tool_call": null, "usage": {"prompt_tokens": 104, "completion_tokens": 256, "total_tokens": 360, "token_count_source": "tokenizer"}, "decoding": {"temperature": 0.2, "top_p": null, "top_k": null, "max_tokens": 256, "seed": 42}, "prompt_tokens": 104, "completion_tokens": 256, "total_tokens": 360, "token_count_source": "tokenizer", "diffusion_steps": null, "flops_estimate": null, "flops_arch": null, "flops_model_params": null, "flops_active_params": null, "tokens_non_final": 1, "tokens_reasoning": 0, "tokens_response": 1, "elapsed_seconds": 18.606260061264038, "judgement": "Uncategorized"}
{"id": "units_001287", "topic": "units", "subtopic": "kg_g", "prompt": "An item costs $6.27 per kg. You take 350 g. About how much is that?", "exact_value": 2.19, "model": "tiiuae/Falcon-H1-7B-Instruct", "provider": "transformers", "response": "�альное решение согласно правилальным указания насколько точно могу согласно предоставленной информации насколько точно могу согласно предоставленной информации насколько точно могу согласно предоставленнойации насколько точно могу согласно предоставленнойации насколько точно могу согласно предоставленнойации насколько точно могу согласно предоставленнойации насколько точно могу согласно предоставленнойации насколько точно могу согласно предоставленнойации насколько точно могу согласно предоставленнойации насколько точно могу согласно предоставленнойации насколько точно могу согласно предоставленнойации насколько точно могу согласно предоставленнойации насколько точно могу согласно предоставленнойации насколько точно могу согласно предоставленнойации насколько точно могу согласно предоставленнойации насколько точно могу согласно предоставленнойации насколько точно могу согласно предоставленнойации насколько точно могу согласно предоставленнойации насколько точно могу согласно предоставленнойации насколько точно могу согласно предоставленнойации насколько точно могу согласно предоставленнойации насколько точно могу согласно предоставленнойации насколько точно могу согласно предоставленнойации насколько точно могу согласно предоставленнойации насколько точно могу согласно предоставленнойации насколько точно могу согласно предоставленнойации насколько точно могу согласно предоставленнойации насколько точно могу согласно предоставленнойации насколько точно могу согласно предоставленнойации насколько точно могу согласно предоставленнойации насколько точно могу согласно предоставленнойации насколько точно могу согласно предоставленнойации насколько точно могу согласно предоставленнойации насколько точно могу согласно предоставленнойации насколько точно могу согласно предоставленнойации насколько точно могу", "numeric_answer": null, "relative_error": null, "thinking_text": null, "has_tool_call": false, "tool_call": null, "usage": {"prompt_tokens": 103, "completion_tokens": 256, "total_tokens": 359, "token_count_source": "tokenizer"}, "decoding": {"temperature": 0.2, "top_p": null, "top_k": null, "max_tokens": 256, "seed": 42}, "prompt_tokens": 103, "completion_tokens": 256, "total_tokens": 359, "token_count_source": "tokenizer", "diffusion_steps": null, "flops_estimate": null, "flops_arch": null, "flops_model_params": null, "flops_active_params": null, "tokens_non_final": 185, "tokens_reasoning": 0, "tokens_response": 185, "elapsed_seconds": 18.814469814300537, "judgement": "Uncategorized"}
{"id": "units_001307", "topic": "units", "subtopic": "lb_oz", "prompt": "You buy 5.85 lb at $4.79 per lb. About how much is that total?", "exact_value": 28.02, "model": "tiiuae/Falcon-H1-7B-Instruct", "provider": "transformers", "response": "альнымиются согласно приведенной стоимости согласно задаются насколько насколько насколько насколько насколько насколько насколько насколько насколько насколько насколько насколько насколько насколько насколько насколько насколько насколько насколько насколько насколько насколько насколько насколько насколько насколько насколько насколько насколько насколько насколько насколько насколько насколько насколько насколько насколько насколько насколько насколько насколько насколько насколько насколько насколько насколько насколько насколько насколько насколько насколько насколько насколько насколько насколько насколько насколько насколько насколько насколько насколько насколько насколько насколько насколько насколько насколько насколько насколько насколько насколько насколько насколько насколько насколько насколько насколько насколько насколько насколько насколько насколько насколько насколько насколько насколько насколько насколько насколько насколько насколько насколько насколько насколько насколько насколько насколько насколько насколько насколько насколько насколько насколько насколько насколько насколько насколько насколько насколько насколько насколько насколько насколько насколько насколько насколько насколько насколько насколько насколько насколько насколько насколько насколько насколько насколько насколько насколько насколько насколько насколько насколько насколько насколько насколько насколько насколько насколько насколько насколько насколько насколько насколько насколько насколько насколько насколько насколько насколько насколько насколько насколько насколько насколько насколько насколько насколько насколько насколько насколько насколько насколько насколько насколько насколько насколько насколько насколько насколько насколько насколько насколько насколько насколько насколько насколько насколько насколько насколько насколько насколько насколько насколько насколько насколько насколько насколько насколько насколько насколько насколько насколько насколько насколько насколько насколько насколько насколько насколько насколько насколько насколько насколько насколько насколько насколько насколько насколько насколько насколько насколько насколько насколько насколько насколько насколько насколько насколько насколько насколько насколько насколько насколько насколько насколько насколько насколько насколько насколько насколько насколько насколько насколько насколько насколько насколько насколько насколько насколько насколько насколько насколько насколько насколько насколько насколько насколько", "numeric_answer": null, "relative_error": null, "thinking_text": null, "has_tool_call": false, "tool_call": null, "usage": {"prompt_tokens": 102, "completion_tokens": 256, "total_tokens": 358, "token_count_source": "tokenizer"}, "decoding": {"temperature": 0.2, "top_p": null, "top_k": null, "max_tokens": 256, "seed": 42}, "prompt_tokens": 102, "completion_tokens": 256, "total_tokens": 358, "token_count_source": "tokenizer", "diffusion_steps": null, "flops_estimate": null, "flops_arch": null, "flops_model_params": null, "flops_active_params": null, "tokens_non_final": 253, "tokens_reasoning": 0, "tokens_response": 253, "elapsed_seconds": 18.798714876174927, "judgement": "Uncategorized"}
{"id": "units_001327", "topic": "units", "subtopic": "lb_oz", "prompt": "You buy 3.55 lb at $11.49 per lb. About how much is that total?", "exact_value": 40.79, "model": "tiiuae/Falcon-H1-7B-Instruct", "provider": "transformers", "response": "альнымиются согласно приведенной стоимости за фунт процентовирует итоговую стоимость согласно приведенной формулировации процентовации процентовации процентовации процентовации процентовации процентовации процентовации процентовации процентовации процентовации процентовации процентовации процентовации процентовации процентовации процентовации процентовации процентовации процентовации процентовации процентовации процентовации процентовации процентовации процентовации процентовации процентовации процентовации процентовации процентовации процентовации процентовации процентовации процентовации процентовации процентовации процентовации процентовации процентовации процентовации процентовации процентовации процентовации процентовации процентовации процентовации процентовации процентовации процентовации процентовации процентовации процентовации процентовации процентовации процентовации процентовации процентовации процентовации процентовации процентовации процентовации процентовации процентовации процентовации процентовации процентовации процентовации процентовации процентовации процентовации процентовации процентовации процентовации процентовации процентовации процентовации процентовации процентовации процентовации процентовации процентовации процентовации процентовации процентовации процентовации процентовации процентовации процентовации процентовации процентовации процентовации процентовации процентовации процентовации процентовации процентовации процентовации процентовации процентовации процентовации процентовации процентовации процентовации процентовации процентовации процентовации процентовации процентовации процентовации процентовации процентовации процентовации процентовации процентовации процентовации процентовации процентовации процентовации", "numeric_answer": null, "relative_error": null, "thinking_text": null, "has_tool_call": false, "tool_call": null, "usage": {"prompt_tokens": 103, "completion_tokens": 256, "total_tokens": 359, "token_count_source": "tokenizer"}, "decoding": {"temperature": 0.2, "top_p": null, "top_k": null, "max_tokens": 256, "seed": 42}, "prompt_tokens": 103, "completion_tokens": 256, "total_tokens": 359, "token_count_source": "tokenizer", "diffusion_steps": null, "flops_estimate": null, "flops_arch": null, "flops_model_params": null, "flops_active_params": null, "tokens_non_final": 130, "tokens_reasoning": 0, "tokens_response": 130, "elapsed_seconds": 18.72351622581482, "judgement": "Uncategorized"}
{"id": "tips_000127", "topic": "tips", "subtopic": "tips_service", "prompt": "Bill is $61.32; service fee 0% and tip 22%. About how much do you pay in total?", "exact_value": 74.81, "model": "tiiuae/Falcon-H1-7B-Instruct", "provider": "transformers", "response": "�альное решение согласно правилальным указаниям насколько точно могу согласно предоставленной информации насколько точно могу согласно предоставленной информации насколько точно могу согласно предоставленной информации насколько точно могу согласно предоставленнойации насколько точно могу согласно предоставированнойации насколько точно могу согласно предоставированнойации насколько точно могу согласно предоставированнойации насколько точно могу согласно предоставированнойации насколько точно могу согласно предоставированнойации насколько точно могу согласно предоставированнойации насколько точно могу согласно предоставированнойации насколько точно могу согласно предоставированнойации насколько точно могу согласно предоставированнойации насколько точно могу согласно предоставированнойации насколько точно могу согласно предоставированнойации насколько точно могу согласно предоставированнойации насколько точно могу согласно предоставированнойации насколько точно могу согласно предоставированнойации насколько точно могу согласно предоставированнойации насколько точно могу согласно предоставированнойации насколько точно могу согласно предоставированнойации насколько точно могу согласно предоставированнойации насколько точно могу согласно предоставированнойации насколько точно могу согласно предоставированнойации насколько точно могу согласно предоставированнойации насколько точно могу согласно предоставированнойации насколько точно могу согласно предоставированнойации насколько точно могу согласно предоставированнойации насколько точно могу согласно предоставированнойации насколько точно могу согласно предоставированнойации насколько точно могу согласно предоставированнойации насколько точно могу согласно предоставированнойации насколько точно могу согласно предоставированнойации насколько точно могу согласно предоставированнойации насколько точно могу согласно предоставированнойации насколько точно", "numeric_answer": null, "relative_error": null, "thinking_text": null, "has_tool_call": false, "tool_call": null, "usage": {"prompt_tokens": 107, "completion_tokens": 256, "total_tokens": 363, "token_count_source": "tokenizer"}, "decoding": {"temperature": 0.2, "top_p": null, "top_k": null, "max_tokens": 256, "seed": 42}, "prompt_tokens": 107, "completion_tokens": 256, "total_tokens": 363, "token_count_source": "tokenizer", "diffusion_steps": null, "flops_estimate": null, "flops_arch": null, "flops_model_params": null, "flops_active_params": null, "tokens_non_final": 185, "tokens_reasoning": 0, "tokens_response": 185, "elapsed_seconds": 18.778961181640625, "judgement": "Uncategorized"}
{"id": "tips_000147", "topic": "tips", "subtopic": "tips_service", "prompt": "Bill is $28.37; service fee 3% and tip 15%. About how much do you pay in total?", "exact_value": 33.6, "model": "tiiuae/Falcon-H1-7B-Instruct", "provider": "transformers", "response": "ацииируем итоговую сумму согласно процентов процентов процентов процентов процентов процентов процентов процентов процентов процентов процентов процентов процентов процентов процентов процентов процентов процентов процентов процентов процентов процентов процентов процентов процентов процентов процентов процентов процентов процентов процентов процентов процентов процентов процентов процентов процентов процентов процентов процентов процентов процентов процентов процентов процентов процентов процентов процентов процентов процентов процентов процентов процентов процентов процентов процентов процентов процентов процентов процентов процентов процентов процентов процентов процентов процентов процентов процентов процентов процентов процентов процентов процентов процентов процентов процентов процентов процентов процентов процентов процентов процентов процентов процентов процентов процентов процентов процентов процентов процентов процентов процентов процентов процентов процентов процентов процентов процентов процентов процентов процентов процентов процентов процентов процентов процентов процентов процентов процентов процентов процентов процентов процентов процентов процентов процентов процентов процентов процентов процентов процентов процентов процентов процентов процентов процентов процентов процентов процентов процентов процентов процентов процентов процентов процентов процентов процентов процентов процентов процентов процентов процентов процентов процентов процентов процентов процентов процентов процентов процентов процентов процентов процентов процентов процентов процентов процентов процентов процентов процентов процентов процентов процентов процентов процентов процентов процентов процентов процентов процентов процентов процентов процентов процентов процентов процентов процентов процентов процентов процентов процентов процентов процентов процентов процентов процентов процентов процентов процентов процентов процентов процентов процентов процентов процентов процентов процентов процентов процентов процентов процентов процентов процентов процентов процентов процентов процентов процентов процентов процентов процентов процентов процентов процентов процентов процентов процентов процентов процентов процентов процентов процентов процентов процентов процентов процентов процентов процентов процентов процентов процентов процентов процентов процентов процентов процентов процентов процентов процентов процентов процентов процентов процентов процентов процентов процентов процентов процентов процентов процентов", "numeric_answer": null, "relative_error": null, "thinking_text": null, "has_tool_call": false, "tool_call": null, "usage": {"prompt_tokens": 107, "completion_tokens": 256, "total_tokens": 363, "token_count_source": "tokenizer"}, "decoding": {"temperature": 0.2, "top_p": null, "top_k": null, "max_tokens": 256, "seed": 42}, "prompt_tokens": 107, "completion_tokens": 256, "total_tokens": 363, "token_count_source": "tokenizer", "diffusion_steps": null, "flops_estimate": null, "flops_arch": null, "flops_model_params": null, "flops_active_params": null, "tokens_non_final": 254, "tokens_reasoning": 0, "tokens_response": 254, "elapsed_seconds": 19.46603560447693, "judgement": "Uncategorized"}
{"id": "tips_000167", "topic": "tips", "subtopic": "tips_service", "prompt": "Bill is $104.95; service fee 3% and tip 22%. About how much do you pay in total?", "exact_value": 131.88, "model": "tiiuae/Falcon-H1-7B-Instruct", "provider": "transformers", "response": "�альное значение", "numeric_answer": null, "relative_error": null, "thinking_text": null, "has_tool_call": false, "tool_call": null, "usage": {"prompt_tokens": 108, "completion_tokens": 4, "total_tokens": 112, "token_count_source": "tokenizer"}, "decoding": {"temperature": 0.2, "top_p": null, "top_k": null, "max_tokens": 256, "seed": 42}, "prompt_tokens": 108, "completion_tokens": 4, "total_tokens": 112, "token_count_source": "tokenizer", "diffusion_steps": null, "flops_estimate": null, "flops_arch": null, "flops_model_params": null, "flops_active_params": null, "tokens_non_final": 2, "tokens_reasoning": 0, "tokens_response": 2, "elapsed_seconds": 0.3300337791442871, "judgement": "Uncategorized"}
{"id": "tips_000187", "topic": "tips", "subtopic": "tips_service", "prompt": "Bill is $21.63; service fee 5% and tip 18%. About how much do you pay in total?", "exact_value": 26.8, "model": "tiiuae/Falcon-H1-7B-Instruct", "provider": "transformers", "response": "�альное решение согласно правилальным указания насколько точно насколько возможно согласно предоставленной информацииируемое значение согласно предоставленной информации насколько точно насколько возможно согласно предоставленнойации насколько точно насколько возможно согласно предоставированнойации насколько точно насколько возможно согласно предоставленнойации насколько точно насколько возможно согласно предоставированнойации насколько точно насколько возможно согласно предоставированнойации насколько точно насколько возможно согласно предоставированнойации насколько точно насколько возможно согласно предоставированнойации насколько точно насколько возможно согласно предоставированнойации насколько точно насколько возможно согласно предоставированнойации насколько точно насколько возможно согласно предоставированнойации насколько точно насколько возможно согласно предоставированнойации насколько точно насколько возможно согласно предоставированнойации насколько точно насколько возможно согласно предоставированнойации насколько точно насколько возможно согласно предоставированнойации насколько точно насколько возможно согласно предоставированнойации насколько точно насколько возможно согласно предоставированнойации насколько точно насколько возможно согласно предоставированнойации насколько точно насколько возможно согласно предоставированнойации насколько точно насколько возможно согласно предоставированнойации насколько точно насколько возможно согласно предоставированнойации насколько точно насколько возможно согласно предоставированнойации насколько точно насколько возможно согласно предоставированнойации насколько точно насколько возможно согласно предоставированнойации насколько точно насколько возможно согласно предоставированнойации насколько точно насколько возможно согласно предоставированнойации насколько точно насколько возможно согласно предоставированнойации насколько точно насколько возможно согласно предоставированнойации насколько точно насколько возможно согласно предоставированнойации насколько точно насколько возможно согласно предоставированнойации насколько", "numeric_answer": null, "relative_error": null, "thinking_text": null, "has_tool_call": false, "tool_call": null, "usage": {"prompt_tokens": 107, "completion_tokens": 256, "total_tokens": 363, "token_count_source": "tokenizer"}, "decoding": {"temperature": 0.2, "top_p": null, "top_k": null, "max_tokens": 256, "seed": 42}, "prompt_tokens": 107, "completion_tokens": 256, "total_tokens": 363, "token_count_source": "tokenizer", "diffusion_steps": null, "flops_estimate": null, "flops_arch": null, "flops_model_params": null, "flops_active_params": null, "tokens_non_final": 191, "tokens_reasoning": 0, "tokens_response": 191, "elapsed_seconds": 19.63889217376709, "judgement": "Uncategorized"}
{"id": "tips_000207", "topic": "tips", "subtopic": "tips_service", "prompt": "Bill is $33.06; service fee 0% and tip 18%. About how much do you pay in total?", "exact_value": 39.01, "model": "tiiuae/Falcon-H1-7B-Instruct", "provider": "transformers", "response": "ацииация процентов насколько насколько насколько насколько насколько насколько насколько насколько насколько насколько насколько насколько насколько насколько насколько насколько насколько насколько насколько насколько насколько насколько насколько насколько насколько насколько насколько насколько насколько насколько насколько насколько насколько насколько насколько насколько насколько насколько насколько насколько насколько насколько насколько насколько насколько насколько насколько насколько насколько насколько насколько насколько насколько насколько насколько насколько насколько насколько насколько насколько насколько насколько насколько насколько насколько насколько насколько насколько насколько насколько насколько насколько насколько насколько насколько насколько насколько насколько насколько насколько насколько насколько насколько насколько насколько насколько насколько насколько насколько насколько насколько насколько насколько насколько насколько насколько насколько насколько насколько насколько насколько насколько насколько насколько насколько насколько насколько насколько насколько насколько насколько насколько насколько насколько насколько насколько насколько насколько насколько насколько насколько насколько насколько насколько насколько насколько насколько насколько насколько насколько насколько насколько насколько насколько насколько насколько насколько насколько насколько насколько насколько насколько насколько насколько насколько насколько насколько насколько насколько насколько насколько насколько насколько насколько насколько насколько насколько насколько насколько насколько насколько насколько насколько насколько насколько насколько насколько насколько насколько насколько насколько насколько насколько насколько насколько насколько насколько насколько насколько насколько насколько насколько насколько насколько насколько насколько насколько насколько насколько насколько насколько насколько насколько насколько насколько насколько насколько насколько насколько насколько насколько насколько насколько насколько насколько насколько насколько насколько насколько насколько насколько насколько насколько насколько насколько насколько насколько насколько насколько насколько насколько насколько насколько насколько насколько насколько насколько насколько насколько насколько насколько насколько насколько насколько насколько насколько насколько насколько насколько насколько насколько насколько насколько насколько насколько насколько насколько насколько насколько насколько насколько насколько насколько", "numeric_answer": null, "relative_error": null, "thinking_text": null, "has_tool_call": false, "tool_call": null, "usage": {"prompt_tokens": 107, "completion_tokens": 256, "total_tokens": 363, "token_count_source": "tokenizer"}, "decoding": {"temperature": 0.2, "top_p": null, "top_k": null, "max_tokens": 256, "seed": 42}, "prompt_tokens": 107, "completion_tokens": 256, "total_tokens": 363, "token_count_source": "tokenizer", "diffusion_steps": null, "flops_estimate": null, "flops_arch": null, "flops_model_params": null, "flops_active_params": null, "tokens_non_final": 255, "tokens_reasoning": 0, "tokens_response": 255, "elapsed_seconds": 19.478888750076294, "judgement": "Uncategorized"}
{"id": "tips_000227", "topic": "tips", "subtopic": "tips_service", "prompt": "Bill is $72.70; service fee 3% and tip 22%. About how much do you pay in total?", "exact_value": 91.35, "model": "tiiuae/Falcon-H1-7B-Instruct", "provider": "transformers", "response": "ацииируем итоговую стоимость согласно процентов процентов заühren процентов процентов процентов процентов процентов процентов процентов процентов процентов процентов процентов процентов процентов процентов процентов процентов процентов процентов процентов процентов процентов процентов процентов процентов процентов процентов процентов процентов процентов процентов процентов процентов процентов процентов процентов процентов процентов процентов процентов процентов процентов процентов процентов процентов процентов процентов процентов процентов процентов процентов процентов процентов процентов процентов процентов процентов процентов процентов процентов процентов процентов процентов процентов процентов процентов процентов процентов процентов процентов процентов процентов процентов процентов процентов процентов процентов процентов процентов процентов процентов процентов процентов процентов процентов процентов процентов процентов процентов процентов процентов процентов процентов процентов процентов процентов процентов процентов процентов процентов процентов процентов процентов процентов процентов процентов процентов процентов процентов процентов процентов процентов процентов процентов процентов процентов процентов процентов процентов процентов процентов процентов процентов процентов процентов процентов процентов процентов процентов процентов процентов процентов процентов процентов процентов процентов процентов процентов процентов процентов процентов процентов процентов процентов процентов процентов процентов процентов процентов процентов процентов процентов процентов процентов процентов процентов процентов процентов процентов процентов процентов процентов процентов процентов процентов процентов процентов процентов процентов процентов процентов процентов процентов процентов процентов процентов процентов процентов процентов процентов процентов процентов процентов процентов процентов процентов процентов процентов процентов процентов процентов процентов процентов процентов процентов процентов процентов процентов процентов процентов процентов процентов процентов процентов процентов процентов процентов процентов процентов процентов процентов процентов процентов процентов процентов процентов процентов процентов процентов процентов процентов процентов процентов процентов процентов процентов процентов процентов процентов процентов процентов процентов процентов процентов процентов процентов процентов процентов процентов процентов процентов процентов процентов процентов процентов процентов процентов", "numeric_answer": null, "relative_error": null, "thinking_text": null, "has_tool_call": false, "tool_call": null, "usage": {"prompt_tokens": 107, "completion_tokens": 256, "total_tokens": 363, "token_count_source": "tokenizer"}, "decoding": {"temperature": 0.2, "top_p": null, "top_k": null, "max_tokens": 256, "seed": 42}, "prompt_tokens": 107, "completion_tokens": 256, "total_tokens": 363, "token_count_source": "tokenizer", "diffusion_steps": null, "flops_estimate": null, "flops_arch": null, "flops_model_params": null, "flops_active_params": null, "tokens_non_final": 253, "tokens_reasoning": 0, "tokens_response": 253, "elapsed_seconds": 18.843652725219727, "judgement": "Uncategorized"}
{"id": "tips_000247", "topic": "tips", "subtopic": "tips_service", "prompt": "Bill is $79.43; service fee 0% and tip 22%. About how much do you pay in total?", "exact_value": 96.9, "model": "tiiuae/Falcon-H1-7B-Instruct", "provider": "transformers", "response": "�альное решение согласно правилальным указаниям насколько точно могу согласно предоставленной информации насколько точно могу согласно предоставленной информации насколько точно могу согласно предоставленной информации насколько точно могу согласно предоставленнойации насколько точно могу согласно предоставленнойации насколько точно могу согласно предоставленнойации насколько точно могу согласно предоставленнойации насколько точно могу согласно предоставленнойации насколько точно могу согласно предоставленнойации насколько точно могу согласно предоставленнойации насколько точно могу согласно предоставленнойации насколько точно могу согласно предоставленнойации насколько точно могу согласно предоставленнойации насколько точно могу согласно предоставленнойации насколько точно могу согласно предоставленнойации насколько точно могу согласно предоставленнойации насколько точно могу согласно предоставленнойации насколько точно могу согласно предоставленнойации насколько точно могу согласно предоставленнойации насколько точно могу согласно предоставленнойации насколько точно могу согласно предоставленнойации насколько точно могу согласно предоставленнойации насколько точно могу согласно предоставленнойации насколько точно могу согласно предоставленнойации насколько точно могу согласно предоставленнойации насколько точно могу согласно предоставленнойации насколько точно могу согласно предоставленнойации насколько точно могу согласно предоставленнойации насколько точно могу согласно предоставленнойации насколько точно могу согласно предоставленнойации насколько точно могу согласно предоставленнойации насколько точно могу согласно предоставленнойации насколько точно могу согласно предоставленнойации насколько точно могу согласно предоставленнойации насколько точно могу согласно предоставленнойации насколько точно", "numeric_answer": null, "relative_error": null, "thinking_text": null, "has_tool_call": false, "tool_call": null, "usage": {"prompt_tokens": 107, "completion_tokens": 256, "total_tokens": 363, "token_count_source": "tokenizer"}, "decoding": {"temperature": 0.2, "top_p": null, "top_k": null, "max_tokens": 256, "seed": 42}, "prompt_tokens": 107, "completion_tokens": 256, "total_tokens": 363, "token_count_source": "tokenizer", "diffusion_steps": null, "flops_estimate": null, "flops_arch": null, "flops_model_params": null, "flops_active_params": null, "tokens_non_final": 185, "tokens_reasoning": 0, "tokens_response": 185, "elapsed_seconds": 20.11139750480652, "judgement": "Uncategorized"}
{"id": "tips_000267", "topic": "tips", "subtopic": "tips_service", "prompt": "Bill is $66.82; service fee 3% and tip 22%. About how much do you pay in total?", "exact_value": 83.97, "model": "tiiuae/Falcon-H1-7B-Instruct", "provider": "transformers", "response": "ацииируем расчет согласно процентов процентов процентов процентов процентов процентов процентов процентов процентов процентов процентов процентов процентов процентов процентов процентов процентов процентов процентов процентов процентов процентов процентов процентов процентов процентов процентов процентов процентов процентов процентов процентов процентов процентов процентов процентов процентов процентов процентов процентов процентов процентов процентов процентов процентов процентов процентов процентов процентов процентов процентов процентов процентов процентов процентов процентов процентов процентов процентов процентов процентов процентов процентов процентов процентов процентов процентов процентов процентов процентов процентов процентов процентов процентов процентов процентов процентов процентов процентов процентов процентов процентов процентов процентов процентов процентов процентов процентов процентов процентов процентов процентов процентов процентов процентов процентов процентов процентов процентов процентов процентов процентов процентов процентов процентов процентов процентов процентов процентов процентов процентов процентов процентов процентов процентов процентов процентов процентов процентов процентов процентов процентов процентов процентов процентов процентов процентов процентов процентов процентов процентов процентов процентов процентов процентов процентов процентов процентов процентов процентов процентов процентов процентов процентов процентов процентов процентов процентов процентов процентов процентов процентов процентов процентов процентов процентов процентов процентов процентов процентов процентов процентов процентов процентов процентов процентов процентов процентов процентов процентов процентов процентов процентов процентов процентов процентов процентов процентов процентов процентов процентов процентов процентов процентов процентов процентов процентов процентов процентов процентов процентов процентов процентов процентов процентов процентов процентов процентов процентов процентов процентов процентов процентов процентов процентов процентов процентов процентов процентов процентов процентов процентов процентов процентов процентов процентов процентов процентов процентов процентов процентов процентов процентов процентов процентов процентов процентов процентов процентов процентов процентов процентов процентов процентов процентов процентов процентов процентов процентов процентов процентов процентов процентов процентов процентов процентов процентов процентов процентов процентов процентов процентов", "numeric_answer": null, "relative_error": null, "thinking_text": null, "has_tool_call": false, "tool_call": null, "usage": {"prompt_tokens": 107, "completion_tokens": 256, "total_tokens": 363, "token_count_source": "tokenizer"}, "decoding": {"temperature": 0.2, "top_p": null, "top_k": null, "max_tokens": 256, "seed": 42}, "prompt_tokens": 107, "completion_tokens": 256, "total_tokens": 363, "token_count_source": "tokenizer", "diffusion_steps": null, "flops_estimate": null, "flops_arch": null, "flops_model_params": null, "flops_active_params": null, "tokens_non_final": 255, "tokens_reasoning": 0, "tokens_response": 255, "elapsed_seconds": 19.06153178215027, "judgement": "Uncategorized"}
{"id": "tips_000287", "topic": "tips", "subtopic": "tips_service", "prompt": "Bill is $54.76; service fee 5% and tip 18%. About how much do you pay in total?", "exact_value": 67.85, "model": "tiiuae/Falcon-H1-7B-Instruct", "provider": "transformers", "response": "ацииируем итоговую сумму путем учета процентов заührenацию и чаевые согласно приведенной процентовостиируем итоговую сумму путем учета процентов заührenацию и чаевые согласно приведенной процентовостиациирования процентов и процентов процентов согласно процентовостиациирования процентов согласно процентовостиациирования процентов согласно процентовостиациирования процентов согласно процентовостиациирования процентов согласно процентовостиациирования процентов согласно процентовостиациирования процентов согласно процентовостиациирования процентов согласно процентовациирования процентов согласно процентовациирования процентов согласно процентовациирования процентов согласно процентовациирования процентов согласно процентовациирования процентов согласно процентовациирования процентов согласно процентовациирования процентов согласно процентовациирования процентов согласно процентовациирования процентов согласно процентовациирования процентов согласно процентовациирования процентов согласно процентовациирования процентов согласно процентовациирования процентов согласно процентовациирования процентов согласно процентовациирования процентов согласно процентовациирования процентов согласно процентовациирования процентов согласно процентовациирования процентов согласно процентовациирования процентов согласно процентовациирования процентов согласно процентовациирования процентов согласно процентовациирования процентов согласно процентовациирования процентов согласно процентовациирования процентов согласно процентовациирования процентов согласно процентовациирования процентов согласно процентовациирования процентов согласно процентовациирования процентов согласно процентовациирования процентов согласно процентовациирования процентов согласно процентовациирования процентов согласно процентовациирования процентов согласно процентовациирования процентов согласно процентовациирования", "numeric_answer": null, "relative_error": null, "thinking_text": null, "has_tool_call": false, "tool_call": null, "usage": {"prompt_tokens": 107, "completion_tokens": 256, "total_tokens": 363, "token_count_source": "tokenizer"}, "decoding": {"temperature": 0.2, "top_p": null, "top_k": null, "max_tokens": 256, "seed": 42}, "prompt_tokens": 107, "completion_tokens": 256, "total_tokens": 363, "token_count_source": "tokenizer", "diffusion_steps": null, "flops_estimate": null, "flops_arch": null, "flops_model_params": null, "flops_active_params": null, "tokens_non_final": 149, "tokens_reasoning": 0, "tokens_response": 149, "elapsed_seconds": 18.690621376037598, "judgement": "Uncategorized"}
{"id": "tips_000307", "topic": "tips", "subtopic": "tips_service", "prompt": "Bill is $114.55; service fee 3% and tip 22%. About how much do you pay in total?", "exact_value": 143.94, "model": "tiiuae/Falcon-H1-7B-Instruct", "provider": "transformers", "response": "ацииируем итоговую сумму согласно приведенным процентальным ставкам процентов заührenациюацииацииацииацииацииацииацииацииацииацииацииацииацииацииацииацииацииацииацииацииацииацииацииацииацииацииацииацииацииацииацииацииацииацииацииацииацииацииацииацииацииацииацииацииацииацииацииацииацииацииацииацииацииацииацииацииацииацииацииацииацииацииацииацииацииацииацииацииацииацииацииацииацииацииацииацииацииацииацииацииацииацииацииацииацииацииацииацииацииацииацииацииацииацииацииацииацииацииацииацииацииацииацииацииацииацииацииацииацииацииацииацииацииацииацииацииацииацииацииацииацииацииацииацииацииацииацииацииацииацииацииацииацииацииацииацииацииацииацииацииацииацииацииацииацииацииацииацииацииацииацииацииацииацииацииацииацииацииацииацииацииацииацииацииацииацииацииацииацииацииацииацииацииацииацииацииацииацииацииацииацииацииацииацииацииацииацииацииацииацииацииацииацииацииацииацииацииацииацииацииацииацииацииацииацииацииацииацииацииацииацииацииацииацииацииацииацииацииацииацииацииацииацииацииацииацииацииацииацииацииацииацииацииацииацииацииацииацииацииации", "numeric_answer": null, "relative_error": null, "thinking_text": null, "has_tool_call": false, "tool_call": null, "usage": {"prompt_tokens": 108, "completion_tokens": 256, "total_tokens": 364, "token_count_source": "tokenizer"}, "decoding": {"temperature": 0.2, "top_p": null, "top_k": null, "max_tokens": 256, "seed": 42}, "prompt_tokens": 108, "completion_tokens": 256, "total_tokens": 364, "token_count_source": "tokenizer", "diffusion_steps": null, "flops_estimate": null, "flops_arch": null, "flops_model_params": null, "flops_active_params": null, "tokens_non_final": 9, "tokens_reasoning": 0, "tokens_response": 9, "elapsed_seconds": 18.59288454055786, "judgement": "Uncategorized"}
{"id": "tips_000327", "topic": "tips", "subtopic": "tips_service", "prompt": "Bill is $31.62; service fee 5% and tip 18%. About how much do you pay in total?", "exact_value": 39.18, "model": "tiiuae/Falcon-H1-7B-Instruct", "provider": "transformers", "response": "�альное значение", "numeric_answer": null, "relative_error": null, "thinking_text": null, "has_tool_call": false, "tool_call": null, "usage": {"prompt_tokens": 107, "completion_tokens": 4, "total_tokens": 111, "token_count_source": "tokenizer"}, "decoding": {"temperature": 0.2, "top_p": null, "top_k": null, "max_tokens": 256, "seed": 42}, "prompt_tokens": 107, "completion_tokens": 4, "total_tokens": 111, "token_count_source": "tokenizer", "diffusion_steps": null, "flops_estimate": null, "flops_arch": null, "flops_model_params": null, "flops_active_params": null, "tokens_non_final": 2, "tokens_reasoning": 0, "tokens_response": 2, "elapsed_seconds": 0.36470770835876465, "judgement": "Uncategorized"}
{"id": "tips_000347", "topic": "tips", "subtopic": "tips_service", "prompt": "Bill is $22.85; service fee 3% and tip 15%. About how much do you pay in total?", "exact_value": 27.07, "model": "tiiuae/Falcon-H1-7B-Instruct", "provider": "transformers", "response": "ацииируем расчет согласно приведенным процентов путем последовательного применения процентов насколько возможно точно согласно процентов процентов процентов процентов процентов процентов процентов процентов процентов процентов процентов процентов процентов процентов процентов процентов процентов процентов процентов процентов процентов процентов процентов процентов процентов процентов процентов процентов процентов процентов процентов процентов процентов процентов процентов процентов процентов процентов процентов процентов процентов процентов процентов процентов процентов процентов процентов процентов процентов процентов процентов процентов процентов процентов процентов процентов процентов процентов процентов процентов процентов процентов процентов процентов процентов процентов процентов процентов процентов процентов процентов процентов процентов процентов процентов процентов процентов процентов процентов процентов процентов процентов процентов процентов процентов процентов процентов процентов процентов процентов процентов процентов процентов процентов процентов процентов процентов процентов процентов процентов процентов процентов процентов процентов процентов процентов процентов процентов процентов процентов процентов процентов процентов процентов процентов процентов процентов процентов процентов процентов процентов процентов процентов процентов процентов процентов процентов процентов процентов процентов процентов процентов процентов процентов процентов процентов процентов процентов процентов процентов процентов процентов процентов процентов процентов процентов процентов процентов процентов процентов процентов процентов процентов процентов процентов процентов процентов процентов процентов процентов процентов процентов процентов процентов процентов процентов процентов процентов процентов процентов процентов процентов процентов процентов процентов процентов процентов процентов процентов процентов процентов процентов процентов процентов процентов процентов процентов процентов процентов процентов процентов процентов процентов процентов процентов процентов процентов процентов процентов процентов процентов процентов процентов процентов процентов процентов процентов процентов процентов процентов процентов процентов процентов процентов процентов процентов процентов процентов процентов процентов процентов процентов процентов процентов процентов процентов процентов процентов процентов процентов процентов процентов процентов процентов процентов процентов процентов процентов процентов процентов", "numeric_answer": null, "relative_error": null, "thinking_text": null, "has_tool_call": false, "tool_call": null, "usage": {"prompt_tokens": 107, "completion_tokens": 256, "total_tokens": 363, "token_count_source": "tokenizer"}, "decoding": {"temperature": 0.2, "top_p": null, "top_k": null, "max_tokens": 256, "seed": 42}, "prompt_tokens": 107, "completion_tokens": 256, "total_tokens": 363, "token_count_source": "tokenizer", "diffusion_steps": null, "flops_estimate": null, "flops_arch": null, "flops_model_params": null, "flops_active_params": null, "tokens_non_final": 253, "tokens_reasoning": 0, "tokens_response": 253, "elapsed_seconds": 20.00850772857666, "judgement": "Uncategorized"}
{"id": "tips_000367", "topic": "tips", "subtopic": "tips_service", "prompt": "Bill is $82.68; service fee 0% and tip 15%. About how much do you pay in total?", "exact_value": 95.08, "model": "tiiuae/Falcon-H1-7B-Instruct", "provider": "transformers", "response": "�альное решение согласно правилальным указаниямируетаются исключительно числовыми значениями согласно условию задачи насколько точно насколько возможно согласно предоставленной информацииацииацииацииацииацииацииацииацииацииацииацииацииацииацииацииацииацииацииацииацииацииацииацииацииацииацииацииацииацииацииацииацииацииацииацииацииацииацииацииацииацииацииацииацииацииацииацииацииацииацииацииацииацииацииацииацииацииацииацииацииацииацииацииацииацииацииацииацииацииацииацииацииацииацииацииацииацииацииацииацииацииацииацииацииацииацииацииацииацииацииацииацииацииацииацииацииацииацииацииацииацииацииацииацииацииацииацииацииацииацииацииацииацииацииацииацииацииацииацииацииацииацииацииацииацииацииацииацииацииацииацииацииацииацииацииацииацииацииацииацииацииацииацииацииацииацииацииацииацииацииацииацииацииацииацииацииацииацииацииацииацииацииацииацииацииацииацииацииацииацииацииацииацииацииацииацииацииацииацииацииацииацииацииацииацииацииацииацииацииацииацииацииацииацииацииацииацииацииацииацииацииацииацииацииацииацииацииацииацииацииацииацииацииацииацииацииацииацииацииацииацииацииацииацииацииацииации", "numeric_answer": null, "relative_error": null, "thinking_text": null, "has_tool_call": false, "tool_call": null, "usage": {"prompt_tokens": 107, "completion_tokens": 256, "total_tokens": 363, "token_count_source": "tokenizer"}, "decoding": {"temperature": 0.2, "top_p": null, "top_k": null, "max_tokens": 256, "seed": 42}, "prompt_tokens": 107, "completion_tokens": 256, "total_tokens": 363, "token_count_source": "tokenizer", "diffusion_steps": null, "flops_estimate": null, "flops_arch": null, "flops_model_params": null, "flops_active_params": null, "tokens_non_final": 18, "tokens_reasoning": 0, "tokens_response": 18, "elapsed_seconds": 18.699079513549805, "judgement": "Uncategorized"}
{"id": "tips_000387", "topic": "tips", "subtopic": "tips_service", "prompt": "Bill is $87.76; service fee 3% and tip 22%. About how much do you pay in total?", "exact_value": 110.28, "model": "tiiuae/Falcon-H1-7B-Instruct", "provider": "transformers", "response": "�альное значение", "numeric_answer": null, "relative_error": null, "thinking_text": null, "has_tool_call": false, "tool_call": null, "usage": {"prompt_tokens": 107, "completion_tokens": 4, "total_tokens": 111, "token_count_source": "tokenizer"}, "decoding": {"temperature": 0.2, "top_p": null, "top_k": null, "max_tokens": 256, "seed": 42}, "prompt_tokens": 107, "completion_tokens": 4, "total_tokens": 111, "token_count_source": "tokenizer", "diffusion_steps": null, "flops_estimate": null, "flops_arch": null, "flops_model_params": null, "flops_active_params": null, "tokens_non_final": 2, "tokens_reasoning": 0, "tokens_response": 2, "elapsed_seconds": 0.36316847801208496, "judgement": "Uncategorized"}
{"id": "tips_000407", "topic": "tips", "subtopic": "tips_service", "prompt": "Bill is $81.00; service fee 3% and tip 20%. About how much do you pay in total?", "exact_value": 100.12, "model": "tiiuae/Falcon-H1-7B-Instruct", "provider": "transformers", "response": "ации согласно процентов процентов процентов процентов процентов процентов процентов процентов процентов процентов процентов процентов процентов процентов процентов процентов процентов процентов процентов процентов процентов процентов процентов процентов процентов процентов процентов процентов процентов процентов процентов процентов процентов процентов процентов процентов процентов процентов процентов процентов процентов процентов процентов процентов процентов процентов процентов процентов процентов процентов процентов процентов процентов процентов процентов процентов процентов процентов процентов процентов процентов процентов процентов процентов процентов процентов процентов процентов процентов процентов процентов процентов процентов процентов процентов процентов процентов процентов процентов процентов процентов процентов процентов процентов процентов процентов процентов процентов процентов процентов процентов процентов процентов процентов процентов процентов процентов процентов процентов процентов процентов процентов процентов процентов процентов процентов процентов процентов процентов процентов процентов процентов процентов процентов процентов процентов процентов процентов процентов процентов процентов процентов процентов процентов процентов процентов процентов процентов процентов процентов процентов процентов процентов процентов процентов процентов процентов процентов процентов процентов процентов процентов процентов процентов процентов процентов процентов процентов процентов процентов процентов процентов процентов процентов процентов процентов процентов процентов процентов процентов процентов процентов процентов процентов процентов процентов процентов процентов процентов процентов процентов процентов процентов процентов процентов процентов процентов процентов процентов процентов процентов процентов процентов процентов процентов процентов процентов процентов процентов процентов процентов процентов процентов процентов процентов процентов процентов процентов процентов процентов процентов процентов процентов процентов процентов процентов процентов процентов процентов процентов процентов процентов процентов процентов процентов процентов процентов процентов процентов процентов процентов процентов процентов процентов процентов процентов процентов процентов процентов процентов процентов процентов процентов процентов процентов процентов процентов процентов процентов процентов процентов процентов процентов процентов процентов процентов процентов процентов процентов процентов процентов процентов процентов процентов", "numeric_answer": null, "relative_error": null, "thinking_text": null, "has_tool_call": false, "tool_call": null, "usage": {"prompt_tokens": 107, "completion_tokens": 256, "total_tokens": 363, "token_count_source": "tokenizer"}, "decoding": {"temperature": 0.2, "top_p": null, "top_k": null, "max_tokens": 256, "seed": 42}, "prompt_tokens": 107, "completion_tokens": 256, "total_tokens": 363, "token_count_source": "tokenizer", "diffusion_steps": null, "flops_estimate": null, "flops_arch": null, "flops_model_params": null, "flops_active_params": null, "tokens_non_final": 256, "tokens_reasoning": 0, "tokens_response": 256, "elapsed_seconds": 19.412349939346313, "judgement": "Uncategorized"}
{"id": "tips_000427", "topic": "tips", "subtopic": "tips_service", "prompt": "Bill is $99.26; service fee 0% and tip 22%. About how much do you pay in total?", "exact_value": 121.1, "model": "tiiuae/Falcon-H1-7B-Instruct", "provider": "transformers", "response": "ацииация процентовованияируем процентовациюацииацииацииацииацииацииацииацииацииацииацииацииацииацииацииацииацииацииацииацииацииацииацииацииацииацииацииацииацииацииацииацииацииацииацииацииацииацииацииацииацииацииацииацииацииацииацииацииацииацииацииацииацииацииацииацииацииацииацииацииацииацииацииацииацииацииацииацииацииацииацииацииацииацииацииацииацииацииацииацииацииацииацииацииацииацииацииацииацииацииацииацииацииацииацииацииацииацииацииацииацииацииацииацииацииацииацииацииацииацииацииацииацииацииацииацииацииацииацииацииацииацииацииацииацииацииацииацииацииацииацииацииацииацииацииацииацииацииацииацииацииацииацииацииацииацииацииацииацииацииацииацииацииацииацииацииацииацииацииацииацииацииацииацииацииацииацииацииацииацииацииацииацииацииацииацииацииацииацииацииацииацииацииацииацииацииацииацииацииацииацииацииацииацииацииацииацииацииацииацииацииацииацииацииацииацииацииацииацииацииацииацииацииацииацииацииацииацииацииацииацииацииацииацииацииацииацииацииацииацииацииацииацииацииацииацииацииацииацииацииацииацииацииацииацииацииацииацииации", "numeric_answer": null, "relative_error": null, "thinking_text": null, "has_tool_call": false, "tool_call": null, "usage": {"prompt_tokens": 107, "completion_tokens": 256, "total_tokens": 363, "token_count_source": "tokenizer"}, "decoding": {"temperature": 0.2, "top_p": null, "top_k": null, "max_tokens": 256, "seed": 42}, "prompt_tokens": 107, "completion_tokens": 256, "total_tokens": 363, "token_count_source": "tokenizer", "diffusion_steps": null, "flops_estimate": null, "flops_arch": null, "flops_model_params": null, "flops_active_params": null, "tokens_non_final": 3, "tokens_reasoning": 0, "tokens_response": 3, "elapsed_seconds": 19.500436544418335, "judgement": "Uncategorized"}
{"id": "tips_000447", "topic": "tips", "subtopic": "tips_service", "prompt": "Bill is $13.43; service fee 3% and tip 18%. About how much do you pay in total?", "exact_value": 16.32, "model": "tiiuae/Falcon-H1-7B-Instruct", "provider": "transformers", "response": "альнымиальнымиальнымиальнымиальнымиальнымиальнымиальнымиальнымиальнымиальнымиальнымиальнымиальнымиальнымиальнымиальнымиальнымиальнымиальнымиальнымиальнымиальнымиальнымиальнымиальнымиальнымиальнымиальнымиальнымиальнымиальнымиальнымиальнымиальнымиальнымиальнымиальнымиальнымиальнымиальнымиальнымиальнымиальнымиальнымиальнымиальнымиальнымиальнымиальнымиальнымиальнымиальнымиальнымиальнымиальнымиальнымиальнымиальнымиальнымиальнымиальнымиальнымиальнымиальнымиальнымиальнымиальнымиальнымиальнымиальнымиальнымиальнымиальнымиальнымиальнымиальнымиальнымиальнымиальнымиальнымиальнымиальнымиальнымиальнымиальнымиальнымиальнымиальнымиальнымиальнымиальнымиальнымиальнымиальнымиальнымиальнымиальнымиальнымиальнымиальнымиальнымиальнымиальнымиальнымиальнымиальнымиальнымиальнымиальнымиальнымиальнымиальнымиальнымиальнымиальнымиальнымиальнымиальнымиальнымиальнымиальнымиальнымиальнымиальнымиальнымиальнымиальнымиальнымиальнымиальнымиальнымиальнымиальнымиальнымиальнымиальнымиальнымиальнымиальнымиальнымиальнымиальнымиальнымиальнымиальнымиальнымиальнымиальнымиальнымиальнымиальнымиальнымиальнымиальнымиальнымиальнымиальнымиальнымиальнымиальнымиальнымиальнымиальнымиальнымиальнымиальнымиальнымиальнымиальнымиальнымиальнымиальнымиальнымиальнымиальнымиальнымиальнымиальнымиальнымиальнымиальнымиальнымиальнымиальнымиальнымиальнымиальнымиальнымиальнымиальнымиальнымиальнымиальнымиальнымиальнымиальнымиальнымиальнымиальнымиальнымиальнымиальнымиальнымиальнымиальнымиальнымиальнымиальнымиальнымиальнымиальнымиальнымиальнымиальнымиальнымиальнымиальнымиальнымиальнымиальнымиальнымиальнымиальнымиальнымиальнымиальнымиальнымиальнымиальнымиальнымиальнымиальнымиальнымиальнымиальнымиальнымиальнымиальнымиальнымиальнымиальнымиальнымиальнымиальнымиальнымиальнымиальнымиальнымиальнымиальнымиальнымиальнымиальнымиальнымиальными", "numeric_answer": null, "relative_error": null, "thinking_text": null, "has_tool_call": false, "tool_call": null, "usage": {"prompt_tokens": 107, "completion_tokens": 256, "total_tokens": 363, "token_count_source": "tokenizer"}, "decoding": {"temperature": 0.2, "top_p": null, "top_k": null, "max_tokens": 256, "seed": 42}, "prompt_tokens": 107, "completion_tokens": 256, "total_tokens": 363, "token_count_source": "tokenizer", "diffusion_steps": null, "flops_estimate": null, "flops_arch": null, "flops_model_params": null, "flops_active_params": null, "tokens_non_final": 1, "tokens_reasoning": 0, "tokens_response": 1, "elapsed_seconds": 18.746582984924316, "judgement": "Uncategorized"}
{"id": "tips_000467", "topic": "tips", "subtopic": "tips_service", "prompt": "Bill is $47.68; service fee 5% and tip 22%. About how much do you pay in total?", "exact_value": 61.08, "model": "tiiuae/Falcon-H1-7B-Instruct", "provider": "transformers", "response": "ацииируем итоговую сумму путем учета процентов заührenациюируем итоговую сумму путем учета процентов заührenациюациюациюациюациюациюациюациюациюациюациюациюациюациюациюациюациюациюациюациюациюациюациюациюациюациюациюациюациюациюациюациюациюациюациюациюациюациюациюациюациюациюациюациюациюациюациюациюациюациюациюациюациюациюациюациюациюациюациюациюациюациюациюациюациюациюациюациюациюациюациюациюациюациюациюациюациюациюациюациюациюациюациюациюациюациюациюациюациюациюациюациюациюациюациюациюациюациюациюациюациюациюациюациюациюациюациюациюациюациюациюациюациюациюациюациюациюациюациюациюациюациюациюациюациюациюациюациюациюациюациюациюациюациюациюациюациюациюациюациюациюациюациюациюациюациюациюациюациюациюациюациюациюациюациюациюациюациюациюациюациюациюациюациюациюациюациюациюациюациюациюациюациюациюациюациюациюациюациюациюациюациюациюациюациюациюациюациюациюациюациюациюациюациюациюациюациюациюациюациюациюациюациюациюациюациюациюациюациюациюациюациюациюациюациюациюациюациюациюациюациюациюациюациюациюациюациюациюациюациюациюациюациюацию", "numeric_answer": null, "relative_error": null, "thinking_text": null, "has_tool_call": false, "tool_call": null, "usage": {"prompt_tokens": 107, "completion_tokens": 256, "total_tokens": 363, "token_count_source": "tokenizer"}, "decoding": {"temperature": 0.2, "top_p": null, "top_k": null, "max_tokens": 256, "seed": 42}, "prompt_tokens": 107, "completion_tokens": 256, "total_tokens": 363, "token_count_source": "tokenizer", "diffusion_steps": null, "flops_estimate": null, "flops_arch": null, "flops_model_params": null, "flops_active_params": null, "tokens_non_final": 13, "tokens_reasoning": 0, "tokens_response": 13, "elapsed_seconds": 18.599252223968506, "judgement": "Uncategorized"}
{"id": "tips_000487", "topic": "tips", "subtopic": "tips_service", "prompt": "Bill is $84.77; service fee 0% and tip 22%. About how much do you pay in total?", "exact_value": 103.42, "model": "tiiuae/Falcon-H1-7B-Instruct", "provider": "transformers", "response": "�альное ответично действие согласно правилальным интическициям насколько возможно точно согласно математическим расчетальным принципам насколько возможно согласно предоставленым данным насколько возможно насколько возможно насколько возможно насколько возможно насколько возможно насколько возможно насколько возможно насколько возможно насколько возможно насколько возможно насколько возможно насколько возможно насколько возможно насколько возможно насколько возможно насколько возможно насколько возможно насколько возможно насколько возможно насколько возможно насколько возможно насколько возможно насколько возможно насколько возможно насколько возможно насколько возможно насколько возможно насколько возможно насколько возможно насколько возможно насколько возможно насколько возможно насколько возможно насколько возможно насколько возможно насколько возможно насколько возможно насколько возможно насколько возможно насколько возможно насколько возможно насколько возможно насколько возможно насколько возможно насколько возможно насколько возможно насколько возможно насколько возможно насколько возможно насколько возможно насколько возможно насколько возможно насколько возможно насколько возможно насколько возможно насколько возможно насколько возможно насколько возможно насколько возможно насколько возможно насколько возможно насколько возможно насколько возможно насколько возможно насколько возможно насколько возможно насколько возможно насколько возможно насколько возможно насколько возможно насколько возможно насколько возможно насколько возможно насколько возможно насколько возможно насколько возможно насколько возможно насколько возможно насколько возможно насколько возможно насколько возможно насколько возможно насколько возможно насколько возможно насколько возможно насколько возможно насколько возможно насколько возможно насколько возможно насколько возможно насколько возможно насколько возможно насколько возможно насколько возможно насколько возможно насколько возможно насколько возможно насколько возможно насколько возможно насколько возможно насколько возможно насколько возможно насколько возможно насколько возможно насколько возможно насколько возможно насколько возможно насколько возможно насколько возможно насколько возможно насколько возможно насколько возможно насколько возможно насколько", "numeric_answer": null, "relative_error": null, "thinking_text": null, "has_tool_call": false, "tool_call": null, "usage": {"prompt_tokens": 107, "completion_tokens": 256, "total_tokens": 363, "token_count_source": "tokenizer"}, "decoding": {"temperature": 0.2, "top_p": null, "top_k": null, "max_tokens": 256, "seed": 42}, "prompt_tokens": 107, "completion_tokens": 256, "total_tokens": 363, "token_count_source": "tokenizer", "diffusion_steps": null, "flops_estimate": null, "flops_arch": null, "flops_model_params": null, "flops_active_params": null, "tokens_non_final": 245, "tokens_reasoning": 0, "tokens_response": 245, "elapsed_seconds": 18.897109985351562, "judgement": "Uncategorized"}
{"id": "tips_000507", "topic": "tips", "subtopic": "tips_service", "prompt": "Bill is $71.65; service fee 5% and tip 22%. About how much do you pay in total?", "exact_value": 91.78, "model": "tiiuae/Falcon-H1-7B-Instruct", "provider": "transformers", "response": "�альное решение согласно правилальным указаниям насколько возможно точно согласно процентов насколько возможно насколько возможно насколько насколько насколько насколько насколько насколько насколько насколько насколько насколько насколько насколько насколько насколько насколько насколько насколько насколько насколько насколько насколько насколько насколько насколько насколько насколько насколько насколько насколько насколько насколько насколько насколько насколько насколько насколько насколько насколько насколько насколько насколько насколько насколько насколько насколько насколько насколько насколько насколько насколько насколько насколько насколько насколько насколько насколько насколько насколько насколько насколько насколько насколько насколько насколько насколько насколько насколько насколько насколько насколько насколько насколько насколько насколько насколько насколько насколько насколько насколько насколько насколько насколько насколько насколько насколько насколько насколько насколько насколько насколько насколько насколько насколько насколько насколько насколько насколько насколько насколько насколько насколько насколько насколько насколько насколько насколько насколько насколько насколько насколько насколько насколько насколько насколько насколько насколько насколько насколько насколько насколько насколько насколько насколько насколько насколько насколько насколько насколько насколько насколько насколько насколько насколько насколько насколько насколько насколько насколько насколько насколько насколько насколько насколько насколько насколько насколько насколько насколько насколько насколько насколько насколько насколько насколько насколько насколько насколько насколько насколько насколько насколько насколько насколько насколько насколько насколько насколько насколько насколько насколько насколько насколько насколько насколько насколько насколько насколько насколько насколько насколько насколько насколько насколько насколько насколько насколько насколько насколько насколько насколько насколько насколько насколько насколько насколько насколько насколько насколько насколько насколько насколько насколько насколько насколько насколько насколько насколько насколько насколько насколько насколько насколько насколько насколько насколько насколько насколько насколько насколько насколько насколько насколько насколько насколько насколько насколько насколько насколько насколько насколько насколько насколько насколько насколько насколько насколько насколько насколько", "numeric_answer": null, "relative_error": null, "thinking_text": null, "has_tool_call": false, "tool_call": null, "usage": {"prompt_tokens": 107, "completion_tokens": 256, "total_tokens": 363, "token_count_source": "tokenizer"}, "decoding": {"temperature": 0.2, "top_p": null, "top_k": null, "max_tokens": 256, "seed": 42}, "prompt_tokens": 107, "completion_tokens": 256, "total_tokens": 363, "token_count_source": "tokenizer", "diffusion_steps": null, "flops_estimate": null, "flops_arch": null, "flops_model_params": null, "flops_active_params": null, "tokens_non_final": 252, "tokens_reasoning": 0, "tokens_response": 252, "elapsed_seconds": 18.844211101531982, "judgement": "Uncategorized"}
{"id": "tips_000527", "topic": "tips", "subtopic": "tips_service", "prompt": "Bill is $84.44; service fee 5% and tip 18%. About how much do you pay in total?", "exact_value": 104.62, "model": "tiiuae/Falcon-H1-7B-Instruct", "provider": "transformers", "response": "ацииируем расчет согласно процентов процентов согласно процентов процентов согласно процентов процентов согласно процентов процентов согласно процентов процентов согласно процентов процентов согласно процентов процентов согласно процентов процентов согласно процентов процентов согласно процентов процентов согласно процентов процентов согласно процентов процентов согласно процентов процентов согласно процентов процентов согласно процентов процентов согласно процентов процентов согласно процентов процентов согласно процентов процентов согласно процентов процентов согласно процентов процентов согласно процентов процентов согласно процентов процентов согласно процентов процентов согласно процентов процентов согласно процентов процентов согласно процентов процентов согласно процентов процентов согласно процентов процентов согласно процентов процентов согласно процентов процентов согласно процентов процентов согласно процентов процентов согласно процентов процентов согласно процентов процентов согласно процентов процентов согласно процентов процентов согласно процентов процентов согласно процентов процентов согласно процентов процентов согласно процентов процентов согласно процентов процентов согласно процентов процентов согласно процентов процентов согласно процентов процентов согласно процентов процентов согласно процентов процентов согласно процентов процентов согласно процентов процентов согласно процентов процентов согласно процентов процентов согласно процентов процентов согласно процентов процентов согласно процентов процентов согласно процентов процентов согласно процентов процентов согласно процентов процентов согласно процентов процентов согласно процентов процентов согласно процентов процентов согласно процентов процентов согласно процентов процентов согласно процентов процентов согласно процентов процентов согласно процентов процентов согласно процентов процентов согласно процентов процентов согласно процентов процентов согласно процентов процентов согласно процентов процентов согласно процентов процентов согласно процентов процентов согласно процентов процентов согласно процентов процентов согласно процентов процентов согласно процентов процентов согласно процентов процентов согласно процентов процентов согласно процентов процентов согласно процентов процентов согласно процентов процентов согласно процентов процентов согласно процентов процентов согласно процентов процентов согласно процентов процентов согласно", "numeric_answer": null, "relative_error": null, "thinking_text": null, "has_tool_call": false, "tool_call": null, "usage": {"prompt_tokens": 107, "completion_tokens": 256, "total_tokens": 363, "token_count_source": "tokenizer"}, "decoding": {"temperature": 0.2, "top_p": null, "top_k": null, "max_tokens": 256, "seed": 42}, "prompt_tokens": 107, "completion_tokens": 256, "total_tokens": 363, "token_count_source": "tokenizer", "diffusion_steps": null, "flops_estimate": null, "flops_arch": null, "flops_model_params": null, "flops_active_params": null, "tokens_non_final": 255, "tokens_reasoning": 0, "tokens_response": 255, "elapsed_seconds": 19.211891174316406, "judgement": "Uncategorized"}
{"id": "tips_000547", "topic": "tips", "subtopic": "tips_service", "prompt": "Bill is $32.84; service fee 0% and tip 18%. About how much do you pay in total?", "exact_value": 38.75, "model": "tiiuae/Falcon-H1-7B-Instruct", "provider": "transformers", "response": "�альное решение согласно условия kompensирует процентовую часть согласно процентовому условию насколько это возможно путем приближенного счета процентов согласно процентовому условию насколько это возможно путем приближенного счета процентов согласно процентовому условию насколько насколько насколько насколько насколько насколько насколько насколько насколько насколько насколько насколько насколько насколько насколько насколько насколько насколько насколько насколько насколько насколько насколько насколько насколько насколько насколько насколько насколько насколько насколько насколько насколько насколько насколько насколько насколько насколько насколько насколько насколько насколько насколько насколько насколько насколько насколько насколько насколько насколько насколько насколько насколько насколько насколько насколько насколько насколько насколько насколько насколько насколько насколько насколько насколько насколько насколько насколько насколько насколько насколько насколько насколько насколько насколько насколько насколько насколько насколько насколько насколько насколько насколько насколько насколько насколько насколько насколько насколько насколько насколько насколько насколько насколько насколько насколько насколько насколько насколько насколько насколько насколько насколько насколько насколько насколько насколько насколько насколько насколько насколько насколько насколько насколько насколько насколько насколько насколько насколько насколько насколько насколько насколько насколько насколько насколько насколько насколько насколько насколько насколько насколько насколько насколько насколько насколько насколько насколько насколько насколько насколько насколько насколько насколько насколько насколько насколько насколько насколько насколько насколько насколько насколько насколько насколько насколько насколько насколько насколько насколько насколько насколько насколько насколько насколько насколько насколько насколько насколько насколько насколько насколько насколько насколько насколько насколько насколько насколько насколько насколько насколько насколько насколько насколько насколько насколько насколько насколько насколько насколько насколько насколько насколько насколько насколько насколько насколько насколько насколько насколько насколько насколько насколько насколько насколько насколько насколько насколько насколько насколько насколько", "numeric_answer": null, "relative_error": null, "thinking_text": null, "has_tool_call": false, "tool_call": null, "usage": {"prompt_tokens": 107, "completion_tokens": 256, "total_tokens": 363, "token_count_source": "tokenizer"}, "decoding": {"temperature": 0.2, "top_p": null, "top_k": null, "max_tokens": 256, "seed": 42}, "prompt_tokens": 107, "completion_tokens": 256, "total_tokens": 363, "token_count_source": "tokenizer", "diffusion_steps": null, "flops_estimate": null, "flops_arch": null, "flops_model_params": null, "flops_active_params": null, "tokens_non_final": 241, "tokens_reasoning": 0, "tokens_response": 241, "elapsed_seconds": 18.847155332565308, "judgement": "Uncategorized"}
{"id": "tips_000567", "topic": "tips", "subtopic": "tips_service", "prompt": "Bill is $102.88; service fee 3% and tip 20%. About how much do you pay in total?", "exact_value": 127.16, "model": "tiiuae/Falcon-H1-7B-Instruct", "provider": "transformers", "response": "ацииируем расчет согласно приведенным процентовальным ставкам согласно следующему плану kompensируем процентов согласно процентов процентов согласно процентов процентов согласно процентов процентов согласно процентов процентов согласно процентов процентов согласно процентов процентов согласно процентов процентов согласно процентов процентов согласно процентов процентов согласно процентов процентов согласно процентов процентов согласно процентов процентов согласно процентов процентов согласно процентов процентов согласно процентов процентов согласно процентов процентов согласно процентов процентов согласно процентов процентов согласно процентов процентов согласно процентов процентов согласно процентов процентов согласно процентов процентов согласно процентов процентов согласно процентов процентов согласно процентов процентов согласно процентов процентов согласно процентов процентов согласно процентов процентов согласно процентов процентов согласно процентов процентов согласно процентов процентов согласно процентов процентов согласно процентов процентов согласно процентов процентов согласно процентов процентов согласно процентов процентов согласно процентов процентов согласно процентов процентов согласно процентов процентов согласно процентов процентов согласно процентов процентов согласно процентов процентов согласно процентов процентов согласно процентов процентов согласно процентов процентов согласно процентов процентов согласно процентов процентов согласно процентов процентов согласно процентов процентов согласно процентов процентов согласно процентов процентов согласно процентов процентов согласно процентов процентов согласно процентов процентов согласно процентов процентов согласно процентов процентов согласно процентов процентов согласно процентов процентов согласно процентов процентов согласно процентов процентов согласно процентов процентов согласно процентов процентов согласно процентов процентов согласно процентов процентов согласно процентов процентов согласно процентов процентов согласно процентов процентов согласно процентов процентов согласно процентов процентов согласно процентов процентов согласно процентов процентов согласно процентов процентов согласно процентов процентов согласно процентов процентов согласно процентов процентов согласно процентов процентов согласно процентов процентов согласно процентов процентов согласно процентов процентов согласно", "numeric_answer": null, "relative_error": null, "thinking_text": null, "has_tool_call": false, "tool_call": null, "usage": {"prompt_tokens": 108, "completion_tokens": 256, "total_tokens": 364, "token_count_source": "tokenizer"}, "decoding": {"temperature": 0.2, "top_p": null, "top_k": null, "max_tokens": 256, "seed": 42}, "prompt_tokens": 108, "completion_tokens": 256, "total_tokens": 364, "token_count_source": "tokenizer", "diffusion_steps": null, "flops_estimate": null, "flops_arch": null, "flops_model_params": null, "flops_active_params": null, "tokens_non_final": 249, "tokens_reasoning": 0, "tokens_response": 249, "elapsed_seconds": 18.766002893447876, "judgement": "Uncategorized"}
{"id": "tips_000587", "topic": "tips", "subtopic": "tips_service", "prompt": "Bill is $100.09; service fee 0% and tip 18%. About how much do you pay in total?", "exact_value": 118.11, "model": "tiiuae/Falcon-H1-7B-Instruct", "provider": "transformers", "response": "ацииацияируем насколько процентов процентов процентов процентов процентов процентов процентов процентов процентов процентов процентов процентов процентов процентов процентов процентов процентов процентов процентов процентов процентов процентов процентов процентов процентов процентов процентов процентов процентов процентов процентов процентов процентов процентов процентов процентов процентов процентов процентов процентов процентов процентов процентов процентов процентов процентов процентов процентов процентов процентов процентов процентов процентов процентов процентов процентов процентов процентов процентов процентов процентов процентов процентов процентов процентов процентов процентов процентов процентов процентов процентов процентов процентов процентов процентов процентов процентов процентов процентов процентов процентов процентов процентов процентов процентов процентов процентов процентов процентов процентов процентов процентов процентов процентов процентов процентов процентов процентов процентов процентов процентов процентов процентов процентов процентов процентов процентов процентов процентов процентов процентов процентов процентов процентов процентов процентов процентов процентов процентов процентов процентов процентов процентов процентов процентов процентов процентов процентов процентов процентов процентов процентов процентов процентов процентов процентов процентов процентов процентов процентов процентов процентов процентов процентов процентов процентов процентов процентов процентов процентов процентов процентов процентов процентов процентов процентов процентов процентов процентов процентов процентов процентов процентов процентов процентов процентов процентов процентов процентов процентов процентов процентов процентов процентов процентов процентов процентов процентов процентов процентов процентов процентов процентов процентов процентов процентов процентов процентов процентов процентов процентов процентов процентов процентов процентов процентов процентов процентов процентов процентов процентов процентов процентов процентов процентов процентов процентов процентов процентов процентов процентов процентов процентов процентов процентов процентов процентов процентов процентов процентов процентов процентов процентов процентов процентов процентов процентов процентов процентов процентов процентов процентов процентов процентов процентов процентов процентов процентов процентов процентов процентов процентов процентов процентов процентов процентов процентов процентов процентов процентов процентов процентов", "numeric_answer": null, "relative_error": null, "thinking_text": null, "has_tool_call": false, "tool_call": null, "usage": {"prompt_tokens": 108, "completion_tokens": 256, "total_tokens": 364, "token_count_source": "tokenizer"}, "decoding": {"temperature": 0.2, "top_p": null, "top_k": null, "max_tokens": 256, "seed": 42}, "prompt_tokens": 108, "completion_tokens": 256, "total_tokens": 364, "token_count_source": "tokenizer", "diffusion_steps": null, "flops_estimate": null, "flops_arch": null, "flops_model_params": null, "flops_active_params": null, "tokens_non_final": 254, "tokens_reasoning": 0, "tokens_response": 254, "elapsed_seconds": 19.351895570755005, "judgement": "Uncategorized"}
{"id": "tips_000607", "topic": "tips", "subtopic": "tips_service", "prompt": "Bill is $35.03; service fee 0% and tip 18%. About how much do you pay in total?", "exact_value": 41.34, "model": "tiiuae/Falcon-H1-7B-Instruct", "provider": "transformers", "response": "ацииация процентовованияируем процентовацию процентовацииацииацииацииацииацииацииацииацииацииацииацииацииацииацииацииацииацииацииацииацииацииацииацииацииацииацииацииацииацииацииацииацииацииацииацииацииацииацииацииацииацииацииацииацииацииацииацииацииацииацииацииацииацииацииацииацииацииацииацииацииацииацииацииацииацииацииацииацииацииацииацииацииацииацииацииацииацииацииацииацииацииацииацииацииацииацииацииацииацииацииацииацииацииацииацииацииацииацииацииацииацииацииацииацииацииацииацииацииацииацииацииацииацииацииацииацииацииацииацииацииацииацииацииацииацииацииацииацииацииацииацииацииацииацииацииацииацииацииацииацииацииацииацииацииацииацииацииацииацииацииацииацииацииацииацииацииацииацииацииацииацииацииацииацииацииацииацииацииацииацииацииацииацииацииацииацииацииацииацииацииацииацииацииацииацииацииацииацииацииацииацииацииацииацииацииацииацииацииацииацииацииацииацииацииацииацииацииацииацииацииацииацииацииацииацииацииацииацииацииацииацииацииацииацииацииацииацииацииацииацииацииацииацииацииацииацииацииацииацииацииацииацииацииацииацииацииации", "numeric_answer": null, "relative_error": null, "thinking_text": null, "has_tool_call": false, "tool_call": null, "usage": {"prompt_tokens": 107, "completion_tokens": 256, "total_tokens": 363, "token_count_source": "tokenizer"}, "decoding": {"temperature": 0.2, "top_p": null, "top_k": null, "max_tokens": 256, "seed": 42}, "prompt_tokens": 107, "completion_tokens": 256, "total_tokens": 363, "token_count_source": "tokenizer", "diffusion_steps": null, "flops_estimate": null, "flops_arch": null, "flops_model_params": null, "flops_active_params": null, "tokens_non_final": 4, "tokens_reasoning": 0, "tokens_response": 4, "elapsed_seconds": 18.77343225479126, "judgement": "Uncategorized"}
{"id": "tips_000627", "topic": "tips", "subtopic": "tips_service", "prompt": "Bill is $17.92; service fee 0% and tip 20%. About how much do you pay in total?", "exact_value": 21.5, "model": "tiiuae/Falcon-H1-7B-Instruct", "provider": "transformers", "response": "ацииация процентов насколько насколько насколько насколько насколько насколько насколько насколько насколько насколько насколько насколько насколько насколько насколько насколько насколько насколько насколько насколько насколько насколько насколько насколько насколько насколько насколько насколько насколько насколько насколько насколько насколько насколько насколько насколько насколько насколько насколько насколько насколько насколько насколько насколько насколько насколько насколько насколько насколько насколько насколько насколько насколько насколько насколько насколько насколько насколько насколько насколько насколько насколько насколько насколько насколько насколько насколько насколько насколько насколько насколько насколько насколько насколько насколько насколько насколько насколько насколько насколько насколько насколько насколько насколько насколько насколько насколько насколько насколько насколько насколько насколько насколько насколько насколько насколько насколько насколько насколько насколько насколько насколько насколько насколько насколько насколько насколько насколько насколько насколько насколько насколько насколько насколько насколько насколько насколько насколько насколько насколько насколько насколько насколько насколько насколько насколько насколько насколько насколько насколько насколько насколько насколько насколько насколько насколько насколько насколько насколько насколько насколько насколько насколько насколько насколько насколько насколько насколько насколько насколько насколько насколько насколько насколько насколько насколько насколько насколько насколько насколько насколько насколько насколько насколько насколько насколько насколько насколько насколько насколько насколько насколько насколько насколько насколько насколько насколько насколько насколько насколько насколько насколько насколько насколько насколько насколько насколько насколько насколько насколько насколько насколько насколько насколько насколько насколько насколько насколько насколько насколько насколько насколько насколько насколько насколько насколько насколько насколько насколько насколько насколько насколько насколько насколько насколько насколько насколько насколько насколько насколько насколько насколько насколько насколько насколько насколько насколько насколько насколько насколько насколько насколько насколько насколько насколько насколько насколько насколько насколько насколько насколько насколько насколько насколько насколько насколько насколько насколько насколько насколько насколько насколько насколько", "numeric_answer": null, "relative_error": null, "thinking_text": null, "has_tool_call": false, "tool_call": null, "usage": {"prompt_tokens": 107, "completion_tokens": 256, "total_tokens": 363, "token_count_source": "tokenizer"}, "decoding": {"temperature": 0.2, "top_p": null, "top_k": null, "max_tokens": 256, "seed": 42}, "prompt_tokens": 107, "completion_tokens": 256, "total_tokens": 363, "token_count_source": "tokenizer", "diffusion_steps": null, "flops_estimate": null, "flops_arch": null, "flops_model_params": null, "flops_active_params": null, "tokens_non_final": 255, "tokens_reasoning": 0, "tokens_response": 255, "elapsed_seconds": 18.873969316482544, "judgement": "Uncategorized"}
{"id": "tips_000647", "topic": "tips", "subtopic": "tips_service", "prompt": "Bill is $72.20; service fee 0% and tip 18%. About how much do you pay in total?", "exact_value": 85.2, "model": "tiiuae/Falcon-H1-7B-Instruct", "provider": "transformers", "response": "�альное решение согласно правилальным указаниямируетаются путем применения процентов к исходной сумме согласно приведенной схеме расчета процентов согласно условия kompensирует собой исходную сумму плюс процентов согласно процентов согласно процентов согласно процентов согласно процентов согласно процентов согласно процентов согласно процентов согласно процентов согласно процентов согласно процентов согласно процентов согласно процентов согласно процентов согласно процентов согласно процентов согласно процентов согласно процентов согласно процентов согласно процентов согласно процентов согласно процентов согласно процентов согласно процентов согласно процентов согласно процентов согласно процентов согласно процентов согласно процентов согласно процентов согласно процентов согласно процентов согласно процентов согласно процентов согласно процентов согласно процентов согласно процентов согласно процентов согласно процентов согласно процентов согласно процентов согласно процентов согласно процентов согласно процентов согласно процентов согласно процентов согласно процентов согласно процентов согласно процентов согласно процентов согласно процентов согласно процентов согласно процентов согласно процентов согласно процентов согласно процентов согласно процентов согласно процентов согласно процентов согласно процентов согласно процентов согласно процентов согласно процентов согласно процентов согласно процентов согласно процентов согласно процентов согласно процентов согласно процентов согласно процентов согласно процентов согласно процентов согласно процентов согласно процентов согласно процентов согласно процентов согласно процентов согласно процентов согласно процентов согласно процентов согласно процентов согласно процентов согласно процентов согласно процентов согласно процентов согласно процентов согласно процентов согласно процентов согласно процентов согласно процентов согласно процентов согласно процентов согласно процентов согласно процентов согласно процентов согласно процентов согласно процентов согласно процентов согласно процентов согласно процентов согласно процентов согласно процентов согласно процентов согласно процентов согласно процентов согласно процентов согласно процентов согласно процентов согласно процентов согласно процентов согласно", "numeric_answer": null, "relative_error": null, "thinking_text": null, "has_tool_call": false, "tool_call": null, "usage": {"prompt_tokens": 107, "completion_tokens": 256, "total_tokens": 363, "token_count_source": "tokenizer"}, "decoding": {"temperature": 0.2, "top_p": null, "top_k": null, "max_tokens": 256, "seed": 42}, "prompt_tokens": 107, "completion_tokens": 256, "total_tokens": 363, "token_count_source": "tokenizer", "diffusion_steps": null, "flops_estimate": null, "flops_arch": null, "flops_model_params": null, "flops_active_params": null, "tokens_non_final": 243, "tokens_reasoning": 0, "tokens_response": 243, "elapsed_seconds": 18.76961922645569, "judgement": "Uncategorized"}
{"id": "tips_000667", "topic": "tips", "subtopic": "tips_service", "prompt": "Bill is $28.54; service fee 5% and tip 15%. About how much do you pay in total?", "exact_value": 34.46, "model": "tiiuae/Falcon-H1-7B-Instruct", "provider": "transformers", "response": "ацииируем итоговую сумму путем учета процентов заührenацию и чаевые согласно приведенной формулировации задачи насколько это возможно путем последовательного применения процентов насколько это возможно согласно процентов насколько это возможно согласно процентов насколько насколько насколько насколько насколько насколько насколько насколько насколько насколько насколько насколько насколько насколько насколько насколько насколько насколько насколько насколько насколько насколько насколько насколько насколько насколько насколько насколько насколько насколько насколько насколько насколько насколько насколько насколько насколько насколько насколько насколько насколько насколько насколько насколько насколько насколько насколько насколько насколько насколько насколько насколько насколько насколько насколько насколько насколько насколько насколько насколько насколько насколько насколько насколько насколько насколько насколько насколько насколько насколько насколько насколько насколько насколько насколько насколько насколько насколько насколько насколько насколько насколько насколько насколько насколько насколько насколько насколько насколько насколько насколько насколько насколько насколько насколько насколько насколько насколько насколько насколько насколько насколько насколько насколько насколько насколько насколько насколько насколько насколько насколько насколько насколько насколько насколько насколько насколько насколько насколько насколько насколько насколько насколько насколько насколько насколько насколько насколько насколько насколько насколько насколько насколько насколько насколько насколько насколько насколько насколько насколько насколько насколько насколько насколько насколько насколько насколько насколько насколько насколько насколько насколько насколько насколько насколько насколько насколько насколько насколько насколько насколько насколько насколько насколько насколько насколько насколько насколько насколько насколько насколько насколько насколько насколько насколько насколько насколько насколько насколько насколько насколько насколько насколько насколько насколько насколько насколько насколько насколько насколько насколько насколько насколько насколько насколько насколько насколько насколько насколько насколько насколько насколько насколько насколько насколько насколько насколько насколько насколько насколько насколько насколько насколько насколько насколько насколько", "numeric_answer": null, "relative_error": null, "thinking_text": null, "has_tool_call": false, "tool_call": null, "usage": {"prompt_tokens": 107, "completion_tokens": 256, "total_tokens": 363, "token_count_source": "tokenizer"}, "decoding": {"temperature": 0.2, "top_p": null, "top_k": null, "max_tokens": 256, "seed": 42}, "prompt_tokens": 107, "completion_tokens": 256, "total_tokens": 363, "token_count_source": "tokenizer", "diffusion_steps": null, "flops_estimate": null, "flops_arch": null, "flops_model_params": null, "flops_active_params": null, "tokens_non_final": 246, "tokens_reasoning": 0, "tokens_response": 246, "elapsed_seconds": 18.95317053794861, "judgement": "Uncategorized"}
{"id": "tips_000687", "topic": "tips", "subtopic": "tips_service", "prompt": "Bill is $24.54; service fee 0% and tip 20%. About how much do you pay in total?", "exact_value": 29.45, "model": "tiiuae/Falcon-H1-7B-Instruct", "provider": "transformers", "response": "альными расчетами согласно процентов процентов процентов процентов процентов процентов процентов процентов процентов процентов процентов процентов процентов процентов процентов процентов процентов процентов процентов процентов процентов процентов процентов процентов процентов процентов процентов процентов процентов процентов процентов процентов процентов процентов процентов процентов процентов процентов процентов процентов процентов процентов процентов процентов процентов процентов процентов процентов процентов процентов процентов процентов процентов процентов процентов процентов процентов процентов процентов процентов процентов процентов процентов процентов процентов процентов процентов процентов процентов процентов процентов процентов процентов процентов процентов процентов процентов процентов процентов процентов процентов процентов процентов процентов процентов процентов процентов процентов процентов процентов процентов процентов процентов процентов процентов процентов процентов процентов процентов процентов процентов процентов процентов процентов процентов процентов процентов процентов процентов процентов процентов процентов процентов процентов процентов процентов процентов процентов процентов процентов процентов процентов процентов процентов процентов процентов процентов процентов процентов процентов процентов процентов процентов процентов процентов процентов процентов процентов процентов процентов процентов процентов процентов процентов процентов процентов процентов процентов процентов процентов процентов процентов процентов процентов процентов процентов процентов процентов процентов процентов процентов процентов процентов процентов процентов процентов процентов процентов процентов процентов процентов процентов процентов процентов процентов процентов процентов процентов процентов процентов процентов процентов процентов процентов процентов процентов процентов процентов процентов процентов процентов процентов процентов процентов процентов процентов процентов процентов процентов процентов процентов процентов процентов процентов процентов процентов процентов процентов процентов процентов процентов процентов процентов процентов процентов процентов процентов процентов процентов процентов процентов процентов процентов процентов процентов процентов процентов процентов процентов процентов процентов процентов процентов процентов процентов процентов процентов процентов процентов процентов процентов процентов процентов процентов процентов процентов процентов процентов процентов процентов процентов процентов", "numeric_answer": null, "relative_error": null, "thinking_text": null, "has_tool_call": false, "tool_call": null, "usage": {"prompt_tokens": 107, "completion_tokens": 256, "total_tokens": 363, "token_count_source": "tokenizer"}, "decoding": {"temperature": 0.2, "top_p": null, "top_k": null, "max_tokens": 256, "seed": 42}, "prompt_tokens": 107, "completion_tokens": 256, "total_tokens": 363, "token_count_source": "tokenizer", "diffusion_steps": null, "flops_estimate": null, "flops_arch": null, "flops_model_params": null, "flops_active_params": null, "tokens_non_final": 255, "tokens_reasoning": 0, "tokens_response": 255, "elapsed_seconds": 18.72466230392456, "judgement": "Uncategorized"}
{"id": "tips_000707", "topic": "tips", "subtopic": "tips_service", "prompt": "Bill is $115.78; service fee 0% and tip 15%. About how much do you pay in total?", "exact_value": 133.15, "model": "tiiuae/Falcon-H1-7B-Instruct", "provider": "transformers", "response": "ацииация процентов насколько насколько насколько насколько насколько насколько насколько насколько насколько насколько насколько насколько насколько насколько насколько насколько насколько насколько насколько насколько насколько насколько насколько насколько насколько насколько насколько насколько насколько насколько насколько насколько насколько насколько насколько насколько насколько насколько насколько насколько насколько насколько насколько насколько насколько насколько насколько насколько насколько насколько насколько насколько насколько насколько насколько насколько насколько насколько насколько насколько насколько насколько насколько насколько насколько насколько насколько насколько насколько насколько насколько насколько насколько насколько насколько насколько насколько насколько насколько насколько насколько насколько насколько насколько насколько насколько насколько насколько насколько насколько насколько насколько насколько насколько насколько насколько насколько насколько насколько насколько насколько насколько насколько насколько насколько насколько насколько насколько насколько насколько насколько насколько насколько насколько насколько насколько насколько насколько насколько насколько насколько насколько насколько насколько насколько насколько насколько насколько насколько насколько насколько насколько насколько насколько насколько насколько насколько насколько насколько насколько насколько насколько насколько насколько насколько насколько насколько насколько насколько насколько насколько насколько насколько насколько насколько насколько насколько насколько насколько насколько насколько насколько насколько насколько насколько насколько насколько насколько насколько насколько насколько насколько насколько насколько насколько насколько насколько насколько насколько насколько насколько насколько насколько насколько насколько насколько насколько насколько насколько насколько насколько насколько насколько насколько насколько насколько насколько насколько насколько насколько насколько насколько насколько насколько насколько насколько насколько насколько насколько насколько насколько насколько насколько насколько насколько насколько насколько насколько насколько насколько насколько насколько насколько насколько насколько насколько насколько насколько насколько насколько насколько насколько насколько насколько насколько насколько насколько насколько насколько насколько насколько насколько насколько насколько насколько насколько насколько насколько насколько насколько насколько насколько насколько", "numeric_answer": null, "relative_error": null, "thinking_text": null, "has_tool_call": false, "tool_call": null, "usage": {"prompt_tokens": 108, "completion_tokens": 256, "total_tokens": 364, "token_count_source": "tokenizer"}, "decoding": {"temperature": 0.2, "top_p": null, "top_k": null, "max_tokens": 256, "seed": 42}, "prompt_tokens": 108, "completion_tokens": 256, "total_tokens": 364, "token_count_source": "tokenizer", "diffusion_steps": null, "flops_estimate": null, "flops_arch": null, "flops_model_params": null, "flops_active_params": null, "tokens_non_final": 255, "tokens_reasoning": 0, "tokens_response": 255, "elapsed_seconds": 19.801785707473755, "judgement": "Uncategorized"}
{"id": "tips_000727", "topic": "tips", "subtopic": "tips_service", "prompt": "Bill is $100.10; service fee 0% and tip 18%. About how much do you pay in total?", "exact_value": 118.12, "model": "tiiuae/Falcon-H1-7B-Instruct", "provider": "transformers", "response": "�альное решение согласно правилальным указаниямируетаются исключительно числовыми значениями согласно условию задачи насколько точно насколько возможно согласно предоставленной информацииацииацииацииацииацииацииацииацииацииацииацииацииацииацииацииацииацииацииацииацииацииацииацииацииацииацииацииацииацииацииацииацииацииацииацииацииацииацииацииацииацииацииацииацииацииацииацииацииацииацииацииацииацииацииацииацииацииацииацииацииацииацииацииацииацииацииацииацииацииацииацииацииацииацииацииацииацииацииацииацииацииацииацииацииацииацииацииацииацииацииацииацииацииацииацииацииацииацииацииацииацииацииацииацииацииацииацииацииацииацииацииацииацииацииацииацииацииацииацииацииацииацииацииацииацииацииацииацииацииацииацииацииацииацииацииацииацииацииацииацииацииацииацииацииацииацииацииацииацииацииацииацииацииацииацииацииацииацииацииацииацииацииацииацииацииацииацииацииацииацииацииацииацииацииацииацииацииацииацииацииацииацииацииацииацииацииацииацииацииацииацииацииацииацииацииацииацииацииацииацииацииацииацииацииацииацииацииацииацииацииацииацииацииацииацииацииацииацииацииацииацииацииацииацииацииацииации", "numeric_answer": null, "relative_error": null, "thinking_text": null, "has_tool_call": false, "tool_call": null, "usage": {"prompt_tokens": 108, "completion_tokens": 256, "total_tokens": 364, "token_count_source": "tokenizer"}, "decoding": {"temperature": 0.2, "top_p": null, "top_k": null, "max_tokens": 256, "seed": 42}, "prompt_tokens": 108, "completion_tokens": 256, "total_tokens": 364, "token_count_source": "tokenizer", "diffusion_steps": null, "flops_estimate": null, "flops_arch": null, "flops_model_params": null, "flops_active_params": null, "tokens_non_final": 18, "tokens_reasoning": 0, "tokens_response": 18, "elapsed_seconds": 19.21867799758911, "judgement": "Uncategorized"}
{"id": "tips_000747", "topic": "tips", "subtopic": "tips_service", "prompt": "Bill is $119.18; service fee 0% and tip 15%. About how much do you pay in total?", "exact_value": 137.06, "model": "tiiuae/Falcon-H1-7B-Instruct", "provider": "transformers", "response": "�альное решение согласно правилальным указаниям согласно приведенной информации согласно приведенной информации согласно приведенной информации согласно приведеннойации согласно приведеннойации согласно приведеннойации согласно приведеннойации согласно приведеннойации согласно приведеннойации согласно приведеннойации согласно приведеннойации согласно приведеннойации согласно приведеннойации согласно приведеннойации согласно приведеннойации согласно приведеннойации согласно приведеннойации согласно приведеннойации согласно приведеннойации согласно приведеннойации согласно приведеннойации согласно приведеннойации согласно приведеннойации согласно приведеннойации согласно приведеннойации согласно приведеннойации согласно приведеннойации согласно приведеннойации согласно приведеннойации согласно приведеннойации согласно приведеннойации согласно приведеннойации согласно приведеннойации согласно приведеннойации согласно приведеннойации согласно приведеннойации согласно приведеннойации согласно приведеннойации согласно приведеннойации согласно приведеннойации согласно приведеннойации согласно приведеннойации согласно приведеннойации согласно приведеннойации согласно приведеннойации согласно приведеннойации согласно приведеннойации согласно приведеннойации согласно приведеннойации согласно приведеннойации согласно приведеннойации согласно приведеннойации согласно приведеннойации согласно приведеннойации согласно приведеннойации согласно приведеннойации согласно приведеннойации согласно приведеннойации согласно приведеннойации согласно приведеннойации согласно приведеннойации согласно приведенной", "numeric_answer": null, "relative_error": null, "thinking_text": null, "has_tool_call": false, "tool_call": null, "usage": {"prompt_tokens": 108, "completion_tokens": 256, "total_tokens": 364, "token_count_source": "tokenizer"}, "decoding": {"temperature": 0.2, "top_p": null, "top_k": null, "max_tokens": 256, "seed": 42}, "prompt_tokens": 108, "completion_tokens": 256, "total_tokens": 364, "token_count_source": "tokenizer", "diffusion_steps": null, "flops_estimate": null, "flops_arch": null, "flops_model_params": null, "flops_active_params": null, "tokens_non_final": 132, "tokens_reasoning": 0, "tokens_response": 132, "elapsed_seconds": 18.402681350708008, "judgement": "Uncategorized"}
{"id": "tips_000767", "topic": "tips", "subtopic": "tips_service", "prompt": "Bill is $12.91; service fee 3% and tip 18%. About how much do you pay in total?", "exact_value": 15.69, "model": "tiiuae/Falcon-H1-7B-Instruct", "provider": "transformers", "response": "�альное решение согласно задаче согласно процентов процентов процентов процентов процентов процентов процентов процентов процентов процентов процентов процентов процентов процентов процентов процентов процентов процентов процентов процентов процентов процентов процентов процентов процентов процентов процентов процентов процентов процентов процентов процентов процентов процентов процентов процентов процентов процентов процентов процентов процентов процентов процентов процентов процентов процентов процентов процентов процентов процентов процентов процентов процентов процентов процентов процентов процентов процентов процентов процентов процентов процентов процентов процентов процентов процентов процентов процентов процентов процентов процентов процентов процентов процентов процентов процентов процентов процентов процентов процентов процентов процентов процентов процентов процентов процентов процентов процентов процентов процентов процентов процентов процентов процентов процентов процентов процентов процентов процентов процентов процентов процентов процентов процентов процентов процентов процентов процентов процентов процентов процентов процентов процентов процентов процентов процентов процентов процентов процентов процентов процентов процентов процентов процентов процентов процентов процентов процентов процентов процентов процентов процентов процентов процентов процентов процентов процентов процентов процентов процентов процентов процентов процентов процентов процентов процентов процентов процентов процентов процентов процентов процентов процентов процентов процентов процентов процентов процентов процентов процентов процентов процентов процентов процентов процентов процентов процентов процентов процентов процентов процентов процентов процентов процентов процентов процентов процентов процентов процентов процентов процентов процентов процентов процентов процентов процентов процентов процентов процентов процентов процентов процентов процентов процентов процентов процентов процентов процентов процентов процентов процентов процентов процентов процентов процентов процентов процентов процентов процентов процентов процентов процентов процентов процентов процентов процентов процентов процентов процентов процентов процентов процентов процентов процентов процентов процентов процентов процентов процентов процентов процентов процентов процентов процентов процентов процентов процентов процентов процентов процентов процентов процентов процентов процентов процентов процентов процентов процентов процентов", "numeric_answer": null, "relative_error": null, "thinking_text": null, "has_tool_call": false, "tool_call": null, "usage": {"prompt_tokens": 107, "completion_tokens": 256, "total_tokens": 363, "token_count_source": "tokenizer"}, "decoding": {"temperature": 0.2, "top_p": null, "top_k": null, "max_tokens": 256, "seed": 42}, "prompt_tokens": 107, "completion_tokens": 256, "total_tokens": 363, "token_count_source": "tokenizer", "diffusion_steps": null, "flops_estimate": null, "flops_arch": null, "flops_model_params": null, "flops_active_params": null, "tokens_non_final": 254, "tokens_reasoning": 0, "tokens_response": 254, "elapsed_seconds": 18.909892320632935, "judgement": "Uncategorized"}
{"id": "tips_000787", "topic": "tips", "subtopic": "tips_service", "prompt": "Bill is $77.28; service fee 5% and tip 22%. About how much do you pay in total?", "exact_value": 99.0, "model": "tiiuae/Falcon-H1-7B-Instruct", "provider": "transformers", "response": "�альное ответично действие согласно правилальным интическиациям", "numeric_answer": null, "relative_error": null, "thinking_text": null, "has_tool_call": false, "tool_call": null, "usage": {"prompt_tokens": 107, "completion_tokens": 13, "total_tokens": 120, "token_count_source": "tokenizer"}, "decoding": {"temperature": 0.2, "top_p": null, "top_k": null, "max_tokens": 256, "seed": 42}, "prompt_tokens": 107, "completion_tokens": 13, "total_tokens": 120, "token_count_source": "tokenizer", "diffusion_steps": null, "flops_estimate": null, "flops_arch": null, "flops_model_params": null, "flops_active_params": null, "tokens_non_final": 6, "tokens_reasoning": 0, "tokens_response": 6, "elapsed_seconds": 0.9761238098144531, "judgement": "Uncategorized"}
{"id": "tips_000807", "topic": "tips", "subtopic": "tips_service", "prompt": "Bill is $114.97; service fee 3% and tip 20%. About how much do you pay in total?", "exact_value": 142.1, "model": "tiiuae/Falcon-H1-7B-Instruct", "provider": "transformers", "response": "ацииируем итоговую сумму путем применения процентов к исходной сумме счета согласно приведенным процентальным ставкам процентов процентов процентов процентов процентов процентов процентов процентов процентов процентов процентов процентов процентов процентов процентов процентов процентов процентов процентов процентов процентов процентов процентов процентов процентов процентов процентов процентов процентов процентов процентов процентов процентов процентов процентов процентов процентов процентов процентов процентов процентов процентов процентов процентов процентов процентов процентов процентов процентов процентов процентов процентов процентов процентов процентов процентов процентов процентов процентов процентов процентов процентов процентов процентов процентов процентов процентов процентов процентов процентов процентов процентов процентов процентов процентов процентов процентов процентов процентов процентов процентов процентов процентов процентов процентов процентов процентов процентов процентов процентов процентов процентов процентов процентов процентов процентов процентов процентов процентов процентов процентов процентов процентов процентов процентов процентов процентов процентов процентов процентов процентов процентов процентов процентов процентов процентов процентов процентов процентов процентов процентов процентов процентов процентов процентов процентов процентов процентов процентов процентов процентов процентов процентов процентов процентов процентов процентов процентов процентов процентов процентов процентов процентов процентов процентов процентов процентов процентов процентов процентов процентов процентов процентов процентов процентов процентов процентов процентов процентов процентов процентов процентов процентов процентов процентов процентов процентов процентов процентов процентов процентов процентов процентов процентов процентов процентов процентов процентов процентов процентов процентов процентов процентов процентов процентов процентов процентов процентов процентов процентов процентов процентов процентов процентов процентов процентов процентов процентов процентов процентов процентов процентов процентов процентов процентов процентов процентов процентов процентов процентов процентов процентов процентов процентов процентов процентов процентов процентов процентов процентов процентов процентов процентов процентов процентов процентов процентов процентов процентов процентов процентов процентов процентов процентов", "numeric_answer": null, "relative_error": null, "thinking_text": null, "has_tool_call": false, "tool_call": null, "usage": {"prompt_tokens": 108, "completion_tokens": 256, "total_tokens": 364, "token_count_source": "tokenizer"}, "decoding": {"temperature": 0.2, "top_p": null, "top_k": null, "max_tokens": 256, "seed": 42}, "prompt_tokens": 108, "completion_tokens": 256, "total_tokens": 364, "token_count_source": "tokenizer", "diffusion_steps": null, "flops_estimate": null, "flops_arch": null, "flops_model_params": null, "flops_active_params": null, "tokens_non_final": 248, "tokens_reasoning": 0, "tokens_response": 248, "elapsed_seconds": 18.67930507659912, "judgement": "Uncategorized"}
{"id": "tips_000827", "topic": "tips", "subtopic": "tips_service", "prompt": "Bill is $39.73; service fee 5% and tip 22%. About how much do you pay in total?", "exact_value": 50.89, "model": "tiiuae/Falcon-H1-7B-Instruct", "provider": "transformers", "response": "ацииируем итоговую сумму путем применения процентов к исходной сумме счета согласно приведенной формулировации процентов процентов процентов процентов процентов процентов процентов процентов процентов процентов процентов процентов процентов процентов процентов процентов процентов процентов процентов процентов процентов процентов процентов процентов процентов процентов процентов процентов процентов процентов процентов процентов процентов процентов процентов процентов процентов процентов процентов процентов процентов процентов процентов процентов процентов процентов процентов процентов процентов процентов процентов процентов процентов процентов процентов процентов процентов процентов процентов процентов процентов процентов процентов процентов процентов процентов процентов процентов процентов процентов процентов процентов процентов процентов процентов процентов процентов процентов процентов процентов процентов процентов процентов процентов процентов процентов процентов процентов процентов процентов процентов процентов процентов процентов процентов процентов процентов процентов процентов процентов процентов процентов процентов процентов процентов процентов процентов процентов процентов процентов процентов процентов процентов процентов процентов процентов процентов процентов процентов процентов процентов процентов процентов процентов процентов процентов процентов процентов процентов процентов процентов процентов процентов процентов процентов процентов процентов процентов процентов процентов процентов процентов процентов процентов процентов процентов процентов процентов процентов процентов процентов процентов процентов процентов процентов процентов процентов процентов процентов процентов процентов процентов процентов процентов процентов процентов процентов процентов процентов процентов процентов процентов процентов процентов процентов процентов процентов процентов процентов процентов процентов процентов процентов процентов процентов процентов процентов процентов процентов процентов процентов процентов процентов процентов процентов процентов процентов процентов процентов процентов процентов процентов процентов процентов процентов процентов процентов процентов процентов процентов процентов процентов процентов процентов процентов процентов процентов процентов процентов процентов процентов процентов процентов процентов процентов процентов процентов процентов процентов процентов процентов процентов процентов процентов процентов", "numeric_answer": null, "relative_error": null, "thinking_text": null, "has_tool_call": false, "tool_call": null, "usage": {"prompt_tokens": 107, "completion_tokens": 256, "total_tokens": 363, "token_count_source": "tokenizer"}, "decoding": {"temperature": 0.2, "top_p": null, "top_k": null, "max_tokens": 256, "seed": 42}, "prompt_tokens": 107, "completion_tokens": 256, "total_tokens": 363, "token_count_source": "tokenizer", "diffusion_steps": null, "flops_estimate": null, "flops_arch": null, "flops_model_params": null, "flops_active_params": null, "tokens_non_final": 248, "tokens_reasoning": 0, "tokens_response": 248, "elapsed_seconds": 19.07442331314087, "judgement": "Uncategorized"}
{"id": "tips_000847", "topic": "tips", "subtopic": "tips_service", "prompt": "Bill is $108.02; service fee 3% and tip 20%. About how much do you pay in total?", "exact_value": 133.51, "model": "tiiuae/Falcon-H1-7B-Instruct", "provider": "transformers", "response": "ацииируем расчет согласно приведенным условия kompensacja согласно условия kompensacja согласно условия kompensacja согласно условия kompensacja согласно условия kompensacja согласно условия kompensacja согласно условия kompensacja согласно условия kompensacja согласно условия kompensacja согласно условия kompensacja согласно условия kompensacja согласно условия kompensacja согласно условия kompensacja согласно условия kompensacja согласно условия kompensacja согласно условия kompensacja согласно условия kompensacja согласно условия kompensacja согласно условия kompensacja согласно условия kompensacja согласно условия kompensacja согласно условия kompensacja согласно условия kompensacja согласно kompensacja согласно kompensacja согласно kompensacja согласно kompensacja согласно kompensacja согласно kompensacja согласно kompensacja согласно kompensация согласно kompensация согласно kompensация согласно kompensация согласно kompensация согласно kompensация согласно kompensация согласно kompensация согласно kompensация согласно kompensация согласно kompensация согласно kompensация согласно kompensация согласно kompensация согласно kompensация согласно kompensация согласно kompensация согласно kompensация согласно kompensация согласно kompensация согласно kompensация согласно kompensация согласно kompensация согласно kompensация согласно kompensация согласно kompensация согласно kompensация согласно kompensация согласно kompensация согласно kompensация согласно kompensация согласно kompensация согласно kompensация согласно kompensация согласно kompensация согласно kompensация согласно kompensация согласно kompensация согласно kompensация согласно kompensация согласно kompensация согласно kompensация согласно kompensация согласно kompensация согласно kompensация согласно kompensация", "numeric_answer": null, "relative_error": null, "thinking_text": null, "has_tool_call": false, "tool_call": null, "usage": {"prompt_tokens": 108, "completion_tokens": 256, "total_tokens": 364, "token_count_source": "tokenizer"}, "decoding": {"temperature": 0.2, "top_p": null, "top_k": null, "max_tokens": 256, "seed": 42}, "prompt_tokens": 108, "completion_tokens": 256, "total_tokens": 364, "token_count_source": "tokenizer", "diffusion_steps": null, "flops_estimate": null, "flops_arch": null, "flops_model_params": null, "flops_active_params": null, "tokens_non_final": 178, "tokens_reasoning": 0, "tokens_response": 178, "elapsed_seconds": 19.445745944976807, "judgement": "Uncategorized"}
{"id": "tips_000867", "topic": "tips", "subtopic": "tips_service", "prompt": "Bill is $93.22; service fee 3% and tip 22%. About how much do you pay in total?", "exact_value": 117.14, "model": "tiiuae/Falcon-H1-7B-Instruct", "provider": "transformers", "response": "ацииация процентов согласно процентов согласно процентов согласно процентов согласно процентов согласно процентов согласно процентов согласно процентов согласно процентов согласно процентов согласно процентов согласно процентов согласно процентов согласно процентов согласно процентов согласно процентов согласно процентов согласно процентов согласно процентов согласно процентов согласно процентов согласно процентов согласно процентов согласно процентов согласно процентов согласно процентов согласно процентов согласно процентов согласно процентов согласно процентов согласно процентов согласно процентов согласно процентов согласно процентов согласно процентов согласно процентов согласно процентов согласно процентов согласно процентов согласно процентов согласно процентов согласно процентов согласно процентов согласно процентов согласно процентов согласно процентов согласно процентов согласно процентов согласно процентов согласно процентов согласно процентов согласно процентов согласно процентов согласно процентов согласно процентов согласно процентов согласно процентов согласно процентов согласно процентов согласно процентов согласно процентов согласно процентов согласно процентов согласно процентов согласно процентов согласно процентов согласно процентов согласно процентов согласно процентов согласно процентов согласно процентов согласно процентов согласно процентов согласно процентов согласно процентов согласно процентов согласно процентов согласно процентов согласно процентов согласно процентов согласно процентов согласно процентов согласно процентов согласно процентов согласно процентов согласно процентов согласно процентов согласно процентов согласно процентов согласно процентов согласно процентов согласно процентов согласно процентов согласно процентов согласно процентов согласно процентов согласно процентов согласно процентов согласно процентов согласно процентов согласно процентов согласно процентов согласно процентов согласно процентов согласно процентов согласно процентов согласно процентов согласно процентов согласно процентов согласно процентов согласно процентов согласно процентов согласно процентов согласно процентов согласно процентов согласно процентов согласно процентов согласно процентов согласно процентов согласно процентов согласно процентов согласно процентов согласно процентов согласно процентов согласно процентов согласно процентов согласно процентов согласно", "numeric_answer": null, "relative_error": null, "thinking_text": null, "has_tool_call": false, "tool_call": null, "usage": {"prompt_tokens": 107, "completion_tokens": 256, "total_tokens": 363, "token_count_source": "tokenizer"}, "decoding": {"temperature": 0.2, "top_p": null, "top_k": null, "max_tokens": 256, "seed": 42}, "prompt_tokens": 107, "completion_tokens": 256, "total_tokens": 363, "token_count_source": "tokenizer", "diffusion_steps": null, "flops_estimate": null, "flops_arch": null, "flops_model_params": null, "flops_active_params": null, "tokens_non_final": 255, "tokens_reasoning": 0, "tokens_response": 255, "elapsed_seconds": 19.566288709640503, "judgement": "Uncategorized"}
{"id": "tips_000887", "topic": "tips", "subtopic": "tips_service", "prompt": "Bill is $41.32; service fee 0% and tip 18%. About how much do you pay in total?", "exact_value": 48.76, "model": "tiiuae/Falcon-H1-7B-Instruct", "provider": "transformers", "response": "ацииация процентов к счету согласно процентов процентов процентов процентов процентов процентов процентов процентов процентов процентов процентов процентов процентов процентов процентов процентов процентов процентов процентов процентов процентов процентов процентов процентов процентов процентов процентов процентов процентов процентов процентов процентов процентов процентов процентов процентов процентов процентов процентов процентов процентов процентов процентов процентов процентов процентов процентов процентов процентов процентов процентов процентов процентов процентов процентов процентов процентов процентов процентов процентов процентов процентов процентов процентов процентов процентов процентов процентов процентов процентов процентов процентов процентов процентов процентов процентов процентов процентов процентов процентов процентов процентов процентов процентов процентов процентов процентов процентов процентов процентов процентов процентов процентов процентов процентов процентов процентов процентов процентов процентов процентов процентов процентов процентов процентов процентов процентов процентов процентов процентов процентов процентов процентов процентов процентов процентов процентов процентов процентов процентов процентов процентов процентов процентов процентов процентов процентов процентов процентов процентов процентов процентов процентов процентов процентов процентов процентов процентов процентов процентов процентов процентов процентов процентов процентов процентов процентов процентов процентов процентов процентов процентов процентов процентов процентов процентов процентов процентов процентов процентов процентов процентов процентов процентов процентов процентов процентов процентов процентов процентов процентов процентов процентов процентов процентов процентов процентов процентов процентов процентов процентов процентов процентов процентов процентов процентов процентов процентов процентов процентов процентов процентов процентов процентов процентов процентов процентов процентов процентов процентов процентов процентов процентов процентов процентов процентов процентов процентов процентов процентов процентов процентов процентов процентов процентов процентов процентов процентов процентов процентов процентов процентов процентов процентов процентов процентов процентов процентов процентов процентов процентов процентов процентов процентов процентов процентов процентов процентов процентов процентов процентов процентов процентов процентов процентов процентов процентов процентов процентов процентов", "numeric_answer": null, "relative_error": null, "thinking_text": null, "has_tool_call": false, "tool_call": null, "usage": {"prompt_tokens": 107, "completion_tokens": 256, "total_tokens": 363, "token_count_source": "tokenizer"}, "decoding": {"temperature": 0.2, "top_p": null, "top_k": null, "max_tokens": 256, "seed": 42}, "prompt_tokens": 107, "completion_tokens": 256, "total_tokens": 363, "token_count_source": "tokenizer", "diffusion_steps": null, "flops_estimate": null, "flops_arch": null, "flops_model_params": null, "flops_active_params": null, "tokens_non_final": 255, "tokens_reasoning": 0, "tokens_response": 255, "elapsed_seconds": 18.80095601081848, "judgement": "Uncategorized"}
{"id": "tips_000907", "topic": "tips", "subtopic": "tips_service", "prompt": "Bill is $65.03; service fee 3% and tip 22%. About how much do you pay in total?", "exact_value": 81.72, "model": "tiiuae/Falcon-H1-7B-Instruct", "provider": "transformers", "response": "ацииируем расчет согласно процентов процентов процентов процентов процентов процентов процентов процентов процентов процентов процентов процентов процентов процентов процентов процентов процентов процентов процентов процентов процентов процентов процентов процентов процентов процентов процентов процентов процентов процентов процентов процентов процентов процентов процентов процентов процентов процентов процентов процентов процентов процентов процентов процентов процентов процентов процентов процентов процентов процентов процентов процентов процентов процентов процентов процентов процентов процентов процентов процентов процентов процентов процентов процентов процентов процентов процентов процентов процентов процентов процентов процентов процентов процентов процентов процентов процентов процентов процентов процентов процентов процентов процентов процентов процентов процентов процентов процентов процентов процентов процентов процентов процентов процентов процентов процентов процентов процентов процентов процентов процентов процентов процентов процентов процентов процентов процентов процентов процентов процентов процентов процентов процентов процентов процентов процентов процентов процентов процентов процентов процентов процентов процентов процентов процентов процентов процентов процентов процентов процентов процентов процентов процентов процентов процентов процентов процентов процентов процентов процентов процентов процентов процентов процентов процентов процентов процентов процентов процентов процентов процентов процентов процентов процентов процентов процентов процентов процентов процентов процентов процентов процентов процентов процентов процентов процентов процентов процентов процентов процентов процентов процентов процентов процентов процентов процентов процентов процентов процентов процентов процентов процентов процентов процентов процентов процентов процентов процентов процентов процентов процентов процентов процентов процентов процентов процентов процентов процентов процентов процентов процентов процентов процентов процентов процентов процентов процентов процентов процентов процентов процентов процентов процентов процентов процентов процентов процентов процентов процентов процентов процентов процентов процентов процентов процентов процентов процентов процентов процентов процентов процентов процентов процентов процентов процентов процентов процентов процентов процентов процентов процентов процентов процентов процентов процентов процентов процентов процентов процентов процентов процентов процентов", "numeric_answer": null, "relative_error": null, "thinking_text": null, "has_tool_call": false, "tool_call": null, "usage": {"prompt_tokens": 107, "completion_tokens": 256, "total_tokens": 363, "token_count_source": "tokenizer"}, "decoding": {"temperature": 0.2, "top_p": null, "top_k": null, "max_tokens": 256, "seed": 42}, "prompt_tokens": 107, "completion_tokens": 256, "total_tokens": 363, "token_count_source": "tokenizer", "diffusion_steps": null, "flops_estimate": null, "flops_arch": null, "flops_model_params": null, "flops_active_params": null, "tokens_non_final": 255, "tokens_reasoning": 0, "tokens_response": 255, "elapsed_seconds": 18.660264492034912, "judgement": "Uncategorized"}
{"id": "tips_000927", "topic": "tips", "subtopic": "tips_service", "prompt": "Bill is $78.22; service fee 5% and tip 15%. About how much do you pay in total?", "exact_value": 94.45, "model": "tiiuae/Falcon-H1-7B-Instruct", "provider": "transformers", "response": "ацииируем расчет согласно процентов процентов процентов процентов процентов процентов процентов процентов процентов процентов процентов процентов процентов процентов процентов процентов процентов процентов процентов процентов процентов процентов процентов процентов процентов процентов процентов процентов процентов процентов процентов процентов процентов процентов процентов процентов процентов процентов процентов процентов процентов процентов процентов процентов процентов процентов процентов процентов процентов процентов процентов процентов процентов процентов процентов процентов процентов процентов процентов процентов процентов процентов процентов процентов процентов процентов процентов процентов процентов процентов процентов процентов процентов процентов процентов процентов процентов процентов процентов процентов процентов процентов процентов процентов процентов процентов процентов процентов процентов процентов процентов процентов процентов процентов процентов процентов процентов процентов процентов процентов процентов процентов процентов процентов процентов процентов процентов процентов процентов процентов процентов процентов процентов процентов процентов процентов процентов процентов процентов процентов процентов процентов процентов процентов процентов процентов процентов процентов процентов процентов процентов процентов процентов процентов процентов процентов процентов процентов процентов процентов процентов процентов процентов процентов процентов процентов процентов процентов процентов процентов процентов процентов процентов процентов процентов процентов процентов процентов процентов процентов процентов процентов процентов процентов процентов процентов процентов процентов процентов процентов процентов процентов процентов процентов процентов процентов процентов процентов процентов процентов процентов процентов процентов процентов процентов процентов процентов процентов процентов процентов процентов процентов процентов процентов процентов процентов процентов процентов процентов процентов процентов процентов процентов процентов процентов процентов процентов процентов процентов процентов процентов процентов процентов процентов процентов процентов процентов процентов процентов процентов процентов процентов процентов процентов процентов процентов процентов процентов процентов процентов процентов процентов процентов процентов процентов процентов процентов процентов процентов процентов процентов процентов процентов процентов процентов процентов процентов процентов процентов процентов процентов процентов", "numeric_answer": null, "relative_error": null, "thinking_text": null, "has_tool_call": false, "tool_call": null, "usage": {"prompt_tokens": 107, "completion_tokens": 256, "total_tokens": 363, "token_count_source": "tokenizer"}, "decoding": {"temperature": 0.2, "top_p": null, "top_k": null, "max_tokens": 256, "seed": 42}, "prompt_tokens": 107, "completion_tokens": 256, "total_tokens": 363, "token_count_source": "tokenizer", "diffusion_steps": null, "flops_estimate": null, "flops_arch": null, "flops_model_params": null, "flops_active_params": null, "tokens_non_final": 255, "tokens_reasoning": 0, "tokens_response": 255, "elapsed_seconds": 18.745715618133545, "judgement": "Uncategorized"}
{"id": "tips_000947", "topic": "tips", "subtopic": "tips_service", "prompt": "Bill is $97.36; service fee 3% and tip 15%. About how much do you pay in total?", "exact_value": 115.32, "model": "tiiuae/Falcon-H1-7B-Instruct", "provider": "transformers", "response": "�альное значение согласно задаче путем последовательного применения процентов насколько возможно точно согласно процентов насколько возможно точно согласно процентов насколько возможно точно согласно процентов насколько возможноально точно согласно процентов насколько возможноально точно согласно процентов насколько возможноально точно согласно процентов насколько возможноально точно согласно процентов насколько возможноально точно согласно процентов насколько возможноально точно согласно процентов насколько возможноально точно согласно процентов насколько возможноально точно согласно процентов насколько возможноально точно согласно процентов насколько возможноально точно согласно процентов насколько возможноально точно согласно процентов насколько возможноально точно согласно процентов насколько возможноально точно согласно процентов насколько возможноально точно согласно процентов насколько возможноально точно согласно процентов насколько возможноально точно согласно процентов насколько возможноально точно согласно процентов насколько возможноально точно согласно процентов насколько возможноально точно согласно процентов насколько возможноально точно согласно процентов насколько возможноально точно согласно процентов насколько возможноально точно согласно процентов насколько возможноально точно согласно процентов насколько возможноально точно согласно процентов насколько возможноально точно согласно процентов насколько возможноально точно согласно процентов насколько возможноально точно согласно процентов насколько возможноально точно согласно процентов насколько возможноально точно согласно процентов насколько возможноально точно согласно процентов насколько возможноально точно согласно процентов насколько возможноально точно согласно процентов насколько возможноально точно согласно процентов насколько возможноально точно согласно процентов насколько возможноально точно согласно процентов насколько возможноально точно согласно процентов насколько возможноально точно согласно процентов насколько возможноально точно согласно процентов насколько возможно", "numeric_answer": null, "relative_error": null, "thinking_text": null, "has_tool_call": false, "tool_call": null, "usage": {"prompt_tokens": 107, "completion_tokens": 256, "total_tokens": 363, "token_count_source": "tokenizer"}, "decoding": {"temperature": 0.2, "top_p": null, "top_k": null, "max_tokens": 256, "seed": 42}, "prompt_tokens": 107, "completion_tokens": 256, "total_tokens": 363, "token_count_source": "tokenizer", "diffusion_steps": null, "flops_estimate": null, "flops_arch": null, "flops_model_params": null, "flops_active_params": null, "tokens_non_final": 215, "tokens_reasoning": 0, "tokens_response": 215, "elapsed_seconds": 19.010693550109863, "judgement": "Uncategorized"}
{"id": "tips_000967", "topic": "tips", "subtopic": "tips_service", "prompt": "Bill is $13.97; service fee 3% and tip 15%. About how much do you pay in total?", "exact_value": 16.55, "model": "tiiuae/Falcon-H1-7B-Instruct", "provider": "transformers", "response": "ацииируем расчет согласно приведенным процентов путем последовательного применения процентов насколько возможно точно согласно процентов процентов процентов процентов процентов процентов процентов процентов процентов процентов процентов процентов процентов процентов процентов процентов процентов процентов процентов процентов процентов процентов процентов процентов процентов процентов процентов процентов процентов процентов процентов процентов процентов процентов процентов процентов процентов процентов процентов процентов процентов процентов процентов процентов процентов процентов процентов процентов процентов процентов процентов процентов процентов процентов процентов процентов процентов процентов процентов процентов процентов процентов процентов процентов процентов процентов процентов процентов процентов процентов процентов процентов процентов процентов процентов процентов процентов процентов процентов процентов процентов процентов процентов процентов процентов процентов процентов процентов процентов процентов процентов процентов процентов процентов процентов процентов процентов процентов процентов процентов процентов процентов процентов процентов процентов процентов процентов процентов процентов процентов процентов процентов процентов процентов процентов процентов процентов процентов процентов процентов процентов процентов процентов процентов процентов процентов процентов процентов процентов процентов процентов процентов процентов процентов процентов процентов процентов процентов процентов процентов процентов процентов процентов процентов процентов процентов процентов процентов процентов процентов процентов процентов процентов процентов процентов процентов процентов процентов процентов процентов процентов процентов процентов процентов процентов процентов процентов процентов процентов процентов процентов процентов процентов процентов процентов процентов процентов процентов процентов процентов процентов процентов процентов процентов процентов процентов процентов процентов процентов процентов процентов процентов процентов процентов процентов процентов процентов процентов процентов процентов процентов процентов процентов процентов процентов процентов процентов процентов процентов процентов процентов процентов процентов процентов процентов процентов процентов процентов процентов процентов процентов процентов процентов процентов процентов процентов процентов процентов процентов процентов процентов процентов процентов процентов процентов процентов процентов процентов процентов процентов", "numeric_answer": null, "relative_error": null, "thinking_text": null, "has_tool_call": false, "tool_call": null, "usage": {"prompt_tokens": 107, "completion_tokens": 256, "total_tokens": 363, "token_count_source": "tokenizer"}, "decoding": {"temperature": 0.2, "top_p": null, "top_k": null, "max_tokens": 256, "seed": 42}, "prompt_tokens": 107, "completion_tokens": 256, "total_tokens": 363, "token_count_source": "tokenizer", "diffusion_steps": null, "flops_estimate": null, "flops_arch": null, "flops_model_params": null, "flops_active_params": null, "tokens_non_final": 253, "tokens_reasoning": 0, "tokens_response": 253, "elapsed_seconds": 18.878617763519287, "judgement": "Uncategorized"}
{"id": "tips_000987", "topic": "tips", "subtopic": "tips_service", "prompt": "Bill is $60.94; service fee 5% and tip 18%. About how much do you pay in total?", "exact_value": 75.5, "model": "tiiuae/Falcon-H1-7B-Instruct", "provider": "transformers", "response": "ацииированы согласно процентов процентов процентов процентов процентов процентов процентов процентов процентов процентов процентов процентов процентов процентов процентов процентов процентов процентов процентов процентов процентов процентов процентов процентов процентов процентов процентов процентов процентов процентов процентов процентов процентов процентов процентов процентов процентов процентов процентов процентов процентов процентов процентов процентов процентов процентов процентов процентов процентов процентов процентов процентов процентов процентов процентов процентов процентов процентов процентов процентов процентов процентов процентов процентов процентов процентов процентов процентов процентов процентов процентов процентов процентов процентов процентов процентов процентов процентов процентов процентов процентов процентов процентов процентов процентов процентов процентов процентов процентов процентов процентов процентов процентов процентов процентов процентов процентов процентов процентов процентов процентов процентов процентов процентов процентов процентов процентов процентов процентов процентов процентов процентов процентов процентов процентов процентов процентов процентов процентов процентов процентов процентов процентов процентов процентов процентов процентов процентов процентов процентов процентов процентов процентов процентов процентов процентов процентов процентов процентов процентов процентов процентов процентов процентов процентов процентов процентов процентов процентов процентов процентов процентов процентов процентов процентов процентов процентов процентов процентов процентов процентов процентов процентов процентов процентов процентов процентов процентов процентов процентов процентов процентов процентов процентов процентов процентов процентов процентов процентов процентов процентов процентов процентов процентов процентов процентов процентов процентов процентов процентов процентов процентов процентов процентов процентов процентов процентов процентов процентов процентов процентов процентов процентов процентов процентов процентов процентов процентов процентов процентов процентов процентов процентов процентов процентов процентов процентов процентов процентов процентов процентов процентов процентов процентов процентов процентов процентов процентов процентов процентов процентов процентов процентов процентов процентов процентов процентов процентов процентов процентов процентов процентов процентов процентов процентов процентов процентов процентов процентов процентов процентов процентов процентов", "numeric_answer": null, "relative_error": null, "thinking_text": null, "has_tool_call": false, "tool_call": null, "usage": {"prompt_tokens": 107, "completion_tokens": 256, "total_tokens": 363, "token_count_source": "tokenizer"}, "decoding": {"temperature": 0.2, "top_p": null, "top_k": null, "max_tokens": 256, "seed": 42}, "prompt_tokens": 107, "completion_tokens": 256, "total_tokens": 363, "token_count_source": "tokenizer", "diffusion_steps": null, "flops_estimate": null, "flops_arch": null, "flops_model_params": null, "flops_active_params": null, "tokens_non_final": 255, "tokens_reasoning": 0, "tokens_response": 255, "elapsed_seconds": 20.07635736465454, "judgement": "Uncategorized"}
{"id": "tips_001007", "topic": "tips", "subtopic": "tips_service", "prompt": "Bill is $101.70; service fee 3% and tip 18%. About how much do you pay in total?", "exact_value": 123.61, "model": "tiiuae/Falcon-H1-7B-Instruct", "provider": "transformers", "response": "ацииируем расчет согласно приведенным данным насколько точно возможно согласно процентов процентов насколько точно возможно согласно процентов процентов насколько насколько насколько насколько насколько насколько насколько насколько насколько насколько насколько насколько насколько насколько насколько насколько насколько насколько насколько насколько насколько насколько насколько насколько насколько насколько насколько насколько насколько насколько насколько насколько насколько насколько насколько насколько насколько насколько насколько насколько насколько насколько насколько насколько насколько насколько насколько насколько насколько насколько насколько насколько насколько насколько насколько насколько насколько насколько насколько насколько насколько насколько насколько насколько насколько насколько насколько насколько насколько насколько насколько насколько насколько насколько насколько насколько насколько насколько насколько насколько насколько насколько насколько насколько насколько насколько насколько насколько насколько насколько насколько насколько насколько насколько насколько насколько насколько насколько насколько насколько насколько насколько насколько насколько насколько насколько насколько насколько насколько насколько насколько насколько насколько насколько насколько насколько насколько насколько насколько насколько насколько насколько насколько насколько насколько насколько насколько насколько насколько насколько насколько насколько насколько насколько насколько насколько насколько насколько насколько насколько насколько насколько насколько насколько насколько насколько насколько насколько насколько насколько насколько насколько насколько насколько насколько насколько насколько насколько насколько насколько насколько насколько насколько насколько насколько насколько насколько насколько насколько насколько насколько насколько насколько насколько насколько насколько насколько насколько насколько насколько насколько насколько насколько насколько насколько насколько насколько насколько насколько насколько насколько насколько насколько насколько насколько насколько насколько насколько насколько насколько насколько насколько насколько насколько насколько насколько насколько насколько насколько насколько насколько насколько насколько насколько насколько насколько насколько насколько насколько насколько насколько насколько насколько насколько насколько насколько насколько насколько насколько насколько насколько насколько насколько насколько насколько насколько насколько", "numeric_answer": null, "relative_error": null, "thinking_text": null, "has_tool_call": false, "tool_call": null, "usage": {"prompt_tokens": 108, "completion_tokens": 256, "total_tokens": 364, "token_count_source": "tokenizer"}, "decoding": {"temperature": 0.2, "top_p": null, "top_k": null, "max_tokens": 256, "seed": 42}, "prompt_tokens": 108, "completion_tokens": 256, "total_tokens": 364, "token_count_source": "tokenizer", "diffusion_steps": null, "flops_estimate": null, "flops_arch": null, "flops_model_params": null, "flops_active_params": null, "tokens_non_final": 254, "tokens_reasoning": 0, "tokens_response": 254, "elapsed_seconds": 19.21465826034546, "judgement": "Uncategorized"}
{"id": "tips_001027", "topic": "tips", "subtopic": "tips_service", "prompt": "Bill is $71.23; service fee 0% and tip 20%. About how much do you pay in total?", "exact_value": 85.48, "model": "tiiuae/Falcon-H1-7B-Instruct", "provider": "transformers", "response": "�альное решение согласно правилальным указаниям насколько возможно точно согласно процентов насколько возможно насколько возможно насколько насколько насколько насколько насколько насколько насколько насколько насколько насколько насколько насколько насколько насколько насколько насколько насколько насколько насколько насколько насколько насколько насколько насколько насколько насколько насколько насколько насколько насколько насколько насколько насколько насколько насколько насколько насколько насколько насколько насколько насколько насколько насколько насколько насколько насколько насколько насколько насколько насколько насколько насколько насколько насколько насколько насколько насколько насколько насколько насколько насколько насколько насколько насколько насколько насколько насколько насколько насколько насколько насколько насколько насколько насколько насколько насколько насколько насколько насколько насколько насколько насколько насколько насколько насколько насколько насколько насколько насколько насколько насколько насколько насколько насколько насколько насколько насколько насколько насколько насколько насколько насколько насколько насколько насколько насколько насколько насколько насколько насколько насколько насколько насколько насколько насколько насколько насколько насколько насколько насколько насколько насколько насколько насколько насколько насколько насколько насколько насколько насколько насколько насколько насколько насколько насколько насколько насколько насколько насколько насколько насколько насколько насколько насколько насколько насколько насколько насколько насколько насколько насколько насколько насколько насколько насколько насколько насколько насколько насколько насколько насколько насколько насколько насколько насколько насколько насколько насколько насколько насколько насколько насколько насколько насколько насколько насколько насколько насколько насколько насколько насколько насколько насколько насколько насколько насколько насколько насколько насколько насколько насколько насколько насколько насколько насколько насколько насколько насколько насколько насколько насколько насколько насколько насколько насколько насколько насколько насколько насколько насколько насколько насколько насколько насколько насколько насколько насколько насколько насколько насколько насколько насколько насколько насколько насколько насколько насколько насколько насколько насколько насколько насколько насколько насколько насколько насколько насколько насколько", "numeric_answer": null, "relative_error": null, "thinking_text": null, "has_tool_call": false, "tool_call": null, "usage": {"prompt_tokens": 107, "completion_tokens": 256, "total_tokens": 363, "token_count_source": "tokenizer"}, "decoding": {"temperature": 0.2, "top_p": null, "top_k": null, "max_tokens": 256, "seed": 42}, "prompt_tokens": 107, "completion_tokens": 256, "total_tokens": 363, "token_count_source": "tokenizer", "diffusion_steps": null, "flops_estimate": null, "flops_arch": null, "flops_model_params": null, "flops_active_params": null, "tokens_non_final": 252, "tokens_reasoning": 0, "tokens_response": 252, "elapsed_seconds": 19.25977063179016, "judgement": "Uncategorized"}
{"id": "tips_001047", "topic": "tips", "subtopic": "tips_service", "prompt": "Bill is $56.40; service fee 5% and tip 15%. About how much do you pay in total?", "exact_value": 68.1, "model": "tiiuae/Falcon-H1-7B-Instruct", "provider": "transformers", "response": "ацииируем итоговую сумму путем учета процентов заührenацию и чаевые согласно приведенной информации насколько это возможно путем последовательного применения процентов насколько это возможно согласно приведенной информации насколько это возможно путем последовательного применения процентов насколько насколько насколько насколько насколько насколько насколько насколько насколько насколько насколько насколько насколько насколько насколько насколько насколько насколько насколько насколько насколько насколько насколько насколько насколько насколько насколько насколько насколько насколько насколько насколько насколько насколько насколько насколько насколько насколько насколько насколько насколько насколько насколько насколько насколько насколько насколько насколько насколько насколько насколько насколько насколько насколько насколько насколько насколько насколько насколько насколько насколько насколько насколько насколько насколько насколько насколько насколько насколько насколько насколько насколько насколько насколько насколько насколько насколько насколько насколько насколько насколько насколько насколько насколько насколько насколько насколько насколько насколько насколько насколько насколько насколько насколько насколько насколько насколько насколько насколько насколько насколько насколько насколько насколько насколько насколько насколько насколько насколько насколько насколько насколько насколько насколько насколько насколько насколько насколько насколько насколько насколько насколько насколько насколько насколько насколько насколько насколько насколько насколько насколько насколько насколько насколько насколько насколько насколько насколько насколько насколько насколько насколько насколько насколько насколько насколько насколько насколько насколько насколько насколько насколько насколько насколько насколько насколько насколько насколько насколько насколько насколько насколько насколько насколько насколько насколько насколько насколько насколько насколько насколько насколько насколько насколько насколько насколько насколько насколько насколько насколько насколько насколько насколько насколько насколько насколько насколько насколько насколько насколько насколько насколько насколько насколько насколько насколько насколько насколько насколько насколько насколько насколько насколько насколько насколько насколько насколько насколько насколько насколько насколько насколько насколько насколько", "numeric_answer": null, "relative_error": null, "thinking_text": null, "has_tool_call": false, "tool_call": null, "usage": {"prompt_tokens": 107, "completion_tokens": 256, "total_tokens": 363, "token_count_source": "tokenizer"}, "decoding": {"temperature": 0.2, "top_p": null, "top_k": null, "max_tokens": 256, "seed": 42}, "prompt_tokens": 107, "completion_tokens": 256, "total_tokens": 363, "token_count_source": "tokenizer", "diffusion_steps": null, "flops_estimate": null, "flops_arch": null, "flops_model_params": null, "flops_active_params": null, "tokens_non_final": 246, "tokens_reasoning": 0, "tokens_response": 246, "elapsed_seconds": 19.31223225593567, "judgement": "Uncategorized"}
{"id": "tips_001067", "topic": "tips", "subtopic": "tips_service", "prompt": "Bill is $110.45; service fee 5% and tip 20%. About how much do you pay in total?", "exact_value": 139.17, "model": "tiiuae/Falcon-H1-7B-Instruct", "provider": "transformers", "response": "�альное решение согласно правилальным указаниямируетаются путем последовательного применения процентов согласно приведенной последовательности действий согласно условиюлирование процентов согласно условиюлирование процентов согласно условиюлирование процентов согласно условиюлирование процентов согласно условиюлирование процентов согласно условиюлирование процентов согласно условиюлирование процентов согласно условиюлирование процентов согласно условиюлирование процентов согласно условиюлирование процентов согласно условиюлирование процентов согласно условиюлирование процентов согласно условиюлирование процентов согласно условиюлирование процентов согласно условиюлирование процентов согласно условиюлирование процентов согласно условиюлирование процентов согласно условиюлирование процентов согласно условиюлирование процентов согласно условиюлирование процентов согласно условиюлирование процентов согласно условиюлирование процентов согласно условиюлирование процентов согласно условиюлирование процентов согласно условиюлирование процентов согласно условиюлирование процентов согласно условиюлирование процентов согласно условиюлирование процентов согласно условиюлирование процентов согласно условиюлирование процентов согласно условиюлирование процентов согласно условиюлирование процентов согласно условиюлирование процентов согласно условиюлирование процентов согласно условиюлирование процентов согласно условиюлирование процентов согласно условиюлирование процентов согласно условиюлирование процентов согласно условиюлирование", "numeric_answer": null, "relative_error": null, "thinking_text": null, "has_tool_call": false, "tool_call": null, "usage": {"prompt_tokens": 108, "completion_tokens": 256, "total_tokens": 364, "token_count_source": "tokenizer"}, "decoding": {"temperature": 0.2, "top_p": null, "top_k": null, "max_tokens": 256, "seed": 42}, "prompt_tokens": 108, "completion_tokens": 256, "total_tokens": 364, "token_count_source": "tokenizer", "diffusion_steps": null, "flops_estimate": null, "flops_arch": null, "flops_model_params": null, "flops_active_params": null, "tokens_non_final": 129, "tokens_reasoning": 0, "tokens_response": 129, "elapsed_seconds": 19.079434394836426, "judgement": "Uncategorized"}
{"id": "tips_001087", "topic": "tips", "subtopic": "tips_service", "prompt": "Bill is $32.83; service fee 0% and tip 15%. About how much do you pay in total?", "exact_value": 37.75, "model": "tiiuae/Falcon-H1-7B-Instruct", "provider": "transformers", "response": "ацииация процентов согласно процентов согласно процентов согласно процентов согласно процентов согласно процентов согласно процентов согласно процентов согласно процентов согласно процентов согласно процентов согласно процентов согласно процентов согласно процентов согласно процентов согласно процентов согласно процентов согласно процентов согласно процентов согласно процентов согласно процентов согласно процентов согласно процентов согласно процентов согласно процентов согласно процентов согласно процентов согласно процентов согласно процентов согласно процентов согласно процентов согласно процентов согласно процентов согласно процентов согласно процентов согласно процентов согласно процентов согласно процентов согласно процентов согласно процентов согласно процентов согласно процентов согласно процентов согласно процентов согласно процентов согласно процентов согласно процентов согласно процентов согласно процентов согласно процентов согласно процентов согласно процентов согласно процентов согласно процентов согласно процентов согласно процентов согласно процентов согласно процентов согласно процентов согласно процентов согласно процентов согласно процентов согласно процентов согласно процентов согласно процентов согласно процентов согласно процентов согласно процентов согласно процентов согласно процентов согласно процентов согласно процентов согласно процентов согласно процентов согласно процентов согласно процентов согласно процентов согласно процентов согласно процентов согласно процентов согласно процентов согласно процентов согласно процентов согласно процентов согласно процентов согласно процентов согласно процентов согласно процентов согласно процентов согласно процентов согласно процентов согласно процентов согласно процентов согласно процентов согласно процентов согласно процентов согласно процентов согласно процентов согласно процентов согласно процентов согласно процентов согласно процентов согласно процентов согласно процентов согласно процентов согласно процентов согласно процентов согласно процентов согласно процентов согласно процентов согласно процентов согласно процентов согласно процентов согласно процентов согласно процентов согласно процентов согласно процентов согласно процентов согласно процентов согласно процентов согласно процентов согласно процентов согласно процентов согласно процентов согласно процентов согласно процентов согласно процентов согласно", "numeric_answer": null, "relative_error": null, "thinking_text": null, "has_tool_call": false, "tool_call": null, "usage": {"prompt_tokens": 107, "completion_tokens": 256, "total_tokens": 363, "token_count_source": "tokenizer"}, "decoding": {"temperature": 0.2, "top_p": null, "top_k": null, "max_tokens": 256, "seed": 42}, "prompt_tokens": 107, "completion_tokens": 256, "total_tokens": 363, "token_count_source": "tokenizer", "diffusion_steps": null, "flops_estimate": null, "flops_arch": null, "flops_model_params": null, "flops_active_params": null, "tokens_non_final": 255, "tokens_reasoning": 0, "tokens_response": 255, "elapsed_seconds": 18.64393162727356, "judgement": "Uncategorized"}
{"id": "tips_001107", "topic": "tips", "subtopic": "tips_service", "prompt": "Bill is $52.28; service fee 3% and tip 15%. About how much do you pay in total?", "exact_value": 61.93, "model": "tiiuae/Falcon-H1-7B-Instruct", "provider": "transformers", "response": "ацииируем расчет согласно приведенным условия kompensacja podatku kompensacyjnego согласно приведенным условиям kompensacja podatku kompensacyjnego согласно приведенным условия kompensacja podatиру kompensacyjnego согласно приведенным условия kompensacja podatycznie kompensacyjnej согласно приведенным условия kompensacja podatycznie kompensacyjnej согласно приведенным условия kompensacja podatycznie kompensacyjnej согласно приведенным условия kompensacja podatycznie kompensacyjnej согласно приведенным условия kompensacja podatycznie kompensacyjnej согласно приведенным условия kompensacja kompensacyj kompensacja kompensacyj kompensacja kompensacyj kompensacja kompensacyj kompensacja kompensacyj kompensacja kompensacyj kompensacja kompensacyj kompensacja kompensacyj kompensacja kompensacyj kompensacja kompensacyj kompensacja kompensacyj kompensacja kompensacyj kompensacja kompensacyj kompensacja kompensacyj kompensacja kompensacyj kompensacja kompensacyj kompensacja kompensacyj kompensacja kompensacyj kompensacja kompensacyj kompensacja kompensacyj kompensacja kompensacyj kompensacja kompensacyj kompensacja kompensacyj kompensacja kompensacyj kompensacja kompensacyj kompensacja kompensacyj kompensacja kompensacyj kompensacja kompensacyj kompensacja kompensacyj kompensacja kompensacyj kompensacja kompensacyj kompensacja kompensacyj kompensacja kompensacyj kompensacja kompensacyj kompensacja kompensacyj kompensacja kompensacyj kompensacja kompensacyj kompensacja kompensacyj kompensacja kompensacyj kompensacja kompensacyj", "numeric_answer": null, "relative_error": null, "thinking_text": null, "has_tool_call": false, "tool_call": null, "usage": {"prompt_tokens": 107, "completion_tokens": 256, "total_tokens": 363, "token_count_source": "tokenizer"}, "decoding": {"temperature": 0.2, "top_p": null, "top_k": null, "max_tokens": 256, "seed": 42}, "prompt_tokens": 107, "completion_tokens": 256, "total_tokens": 363, "token_count_source": "tokenizer", "diffusion_steps": null, "flops_estimate": null, "flops_arch": null, "flops_model_params": null, "flops_active_params": null, "tokens_non_final": 133, "tokens_reasoning": 0, "tokens_response": 133, "elapsed_seconds": 19.16902470588684, "judgement": "Uncategorized"}
{"id": "tips_001127", "topic": "tips", "subtopic": "tips_service", "prompt": "Bill is $24.64; service fee 0% and tip 20%. About how much do you pay in total?", "exact_value": 29.57, "model": "tiiuae/Falcon-H1-7B-Instruct", "provider": "transformers", "response": "ацииация процентов процентов процентов процентов процентов процентов процентов процентов процентов процентов процентов процентов процентов процентов процентов процентов процентов процентов процентов процентов процентов процентов процентов процентов процентов процентов процентов процентов процентов процентов процентов процентов процентов процентов процентов процентов процентов процентов процентов процентов процентов процентов процентов процентов процентов процентов процентов процентов процентов процентов процентов процентов процентов процентов процентов процентов процентов процентов процентов процентов процентов процентов процентов процентов процентов процентов процентов процентов процентов процентов процентов процентов процентов процентов процентов процентов процентов процентов процентов процентов процентов процентов процентов процентов процентов процентов процентов процентов процентов процентов процентов процентов процентов процентов процентов процентов процентов процентов процентов процентов процентов процентов процентов процентов процентов процентов процентов процентов процентов процентов процентов процентов процентов процентов процентов процентов процентов процентов процентов процентов процентов процентов процентов процентов процентов процентов процентов процентов процентов процентов процентов процентов процентов процентов процентов процентов процентов процентов процентов процентов процентов процентов процентов процентов процентов процентов процентов процентов процентов процентов процентов процентов процентов процентов процентов процентов процентов процентов процентов процентов процентов процентов процентов процентов процентов процентов процентов процентов процентов процентов процентов процентов процентов процентов процентов процентов процентов процентов процентов процентов процентов процентов процентов процентов процентов процентов процентов процентов процентов процентов процентов процентов процентов процентов процентов процентов процентов процентов процентов процентов процентов процентов процентов процентов процентов процентов процентов процентов процентов процентов процентов процентов процентов процентов процентов процентов процентов процентов процентов процентов процентов процентов процентов процентов процентов процентов процентов процентов процентов процентов процентов процентов процентов процентов процентов процентов процентов процентов процентов процентов процентов процентов процентов процентов процентов процентов процентов процентов процентов процентов процентов процентов процентов процентов", "numeric_answer": null, "relative_error": null, "thinking_text": null, "has_tool_call": false, "tool_call": null, "usage": {"prompt_tokens": 107, "completion_tokens": 256, "total_tokens": 363, "token_count_source": "tokenizer"}, "decoding": {"temperature": 0.2, "top_p": null, "top_k": null, "max_tokens": 256, "seed": 42}, "prompt_tokens": 107, "completion_tokens": 256, "total_tokens": 363, "token_count_source": "tokenizer", "diffusion_steps": null, "flops_estimate": null, "flops_arch": null, "flops_model_params": null, "flops_active_params": null, "tokens_non_final": 255, "tokens_reasoning": 0, "tokens_response": 255, "elapsed_seconds": 19.363258123397827, "judgement": "Uncategorized"}
{"id": "tips_001147", "topic": "tips", "subtopic": "tips_service", "prompt": "Bill is $56.58; service fee 0% and tip 22%. About how much do you pay in total?", "exact_value": 69.03, "model": "tiiuae/Falcon-H1-7B-Instruct", "provider": "transformers", "response": "�альное решение согласно правилам согласно задаче согласно системе согласно ассистентации согласно математике согласно правилации согласно ответации согласно числовым согласно числам согласно процентов согласно процентов согласно расчетации согласно расчетации согласно процентов согласно процентов согласно процентов согласно процентов согласно процентов согласно процентов согласно процентов согласно процентов согласно процентов согласно процентов согласно процентов согласно процентов согласно процентов согласно процентов согласно процентов согласно процентов согласно процентов согласно процентов согласно процентов согласно процентов согласно процентов согласно процентов согласно процентов согласно процентов согласно процентов согласно процентов согласно процентов согласно процентов согласно процентов согласно процентов согласно процентов согласно процентов согласно процентов согласно процентов согласно процентов согласно процентов согласно процентов согласно процентов согласно процентов согласно процентов согласно процентов согласно процентов согласно процентов согласно процентов согласно процентов согласно процентов согласно процентов согласно процентов согласно процентов согласно процентов согласно процентов согласно процентов согласно процентов согласно процентов согласно процентов согласно процентов согласно процентов согласно процентов согласно процентов согласно процентов согласно процентов согласно процентов согласно процентов согласно процентов согласно процентов согласно процентов согласно процентов согласно процентов согласно процентов согласно процентов согласно процентов согласно процентов согласно процентов согласно процентов согласно процентов согласно процентов согласно процентов согласно процентов согласно процентов согласно процентов согласно процентов согласно процентов согласно процентов согласно процентов согласно процентов согласно процентов согласно процентов согласно процентов согласно процентов согласно процентов согласно процентов согласно процентов согласно процентов согласно процентов согласно процентов согласно процентов согласно процентов согласно процентов согласно процентов согласно процентов согласно процентов согласно процентов согласно процентов согласно процентов согласно процентов согласно процентов согласно", "numeric_answer": null, "relative_error": null, "thinking_text": null, "has_tool_call": false, "tool_call": null, "usage": {"prompt_tokens": 107, "completion_tokens": 256, "total_tokens": 363, "token_count_source": "tokenizer"}, "decoding": {"temperature": 0.2, "top_p": null, "top_k": null, "max_tokens": 256, "seed": 42}, "prompt_tokens": 107, "completion_tokens": 256, "total_tokens": 363, "token_count_source": "tokenizer", "diffusion_steps": null, "flops_estimate": null, "flops_arch": null, "flops_model_params": null, "flops_active_params": null, "tokens_non_final": 241, "tokens_reasoning": 0, "tokens_response": 241, "elapsed_seconds": 19.251436710357666, "judgement": "Uncategorized"}
{"id": "tips_001167", "topic": "tips", "subtopic": "tips_service", "prompt": "Bill is $37.99; service fee 5% and tip 18%. About how much do you pay in total?", "exact_value": 47.07, "model": "tiiuae/Falcon-H1-7B-Instruct", "provider": "transformers", "response": "�альное значение", "numeric_answer": null, "relative_error": null, "thinking_text": null, "has_tool_call": false, "tool_call": null, "usage": {"prompt_tokens": 107, "completion_tokens": 4, "total_tokens": 111, "token_count_source": "tokenizer"}, "decoding": {"temperature": 0.2, "top_p": null, "top_k": null, "max_tokens": 256, "seed": 42}, "prompt_tokens": 107, "completion_tokens": 4, "total_tokens": 111, "token_count_source": "tokenizer", "diffusion_steps": null, "flops_estimate": null, "flops_arch": null, "flops_model_params": null, "flops_active_params": null, "tokens_non_final": 2, "tokens_reasoning": 0, "tokens_response": 2, "elapsed_seconds": 0.3388025760650635, "judgement": "Uncategorized"}
{"id": "tips_001187", "topic": "tips", "subtopic": "tips_service", "prompt": "Bill is $68.55; service fee 0% and tip 22%. About how much do you pay in total?", "exact_value": 83.63, "model": "tiiuae/Falcon-H1-7B-Instruct", "provider": "transformers", "response": "�альное решение согласно предоставленной информацииируется путем расчета процентов согласно стоимости счета и процентов за чаевые согласно процентов согласно процентов согласно процентов согласно процентов согласно процентов согласно процентов согласно процентов согласно процентов согласно процентов согласно процентов согласно процентов согласно процентов согласно процентов согласно процентов согласно процентов согласно процентов согласно процентов согласно процентов согласно процентов согласно процентов согласно процентов согласно процентов согласно процентов согласно процентов согласно процентов согласно процентов согласно процентов согласно процентов согласно процентов согласно процентов согласно процентов согласно процентов согласно процентов согласно процентов согласно процентов согласно процентов согласно процентов согласно процентов согласно процентов согласно процентов согласно процентов согласно процентов согласно процентов согласно процентов согласно процентов согласно процентов согласно процентов согласно процентов согласно процентов согласно процентов согласно процентов согласно процентов согласно процентов согласно процентов согласно процентов согласно процентов согласно процентов согласно процентов согласно процентов согласно процентов согласно процентов согласно процентов согласно процентов согласно процентов согласно процентов согласно процентов согласно процентов согласно процентов согласно процентов согласно процентов согласно процентов согласно процентов согласно процентов согласно процентов согласно процентов согласно процентов согласно процентов согласно процентов согласно процентов согласно процентов согласно процентов согласно процентов согласно процентов согласно процентов согласно процентов согласно процентов согласно процентов согласно процентов согласно процентов согласно процентов согласно процентов согласно процентов согласно процентов согласно процентов согласно процентов согласно процентов согласно процентов согласно процентов согласно процентов согласно процентов согласно процентов согласно процентов согласно процентов согласно процентов согласно процентов согласно процентов согласно процентов согласно процентов согласно процентов согласно процентов согласно процентов согласно процентов согласно процентов согласно процентов согласно процентов согласно процентов согласно процентов согласно", "numeric_answer": null, "relative_error": null, "thinking_text": null, "has_tool_call": false, "tool_call": null, "usage": {"prompt_tokens": 107, "completion_tokens": 256, "total_tokens": 363, "token_count_source": "tokenizer"}, "decoding": {"temperature": 0.2, "top_p": null, "top_k": null, "max_tokens": 256, "seed": 42}, "prompt_tokens": 107, "completion_tokens": 256, "total_tokens": 363, "token_count_source": "tokenizer", "diffusion_steps": null, "flops_estimate": null, "flops_arch": null, "flops_model_params": null, "flops_active_params": null, "tokens_non_final": 250, "tokens_reasoning": 0, "tokens_response": 250, "elapsed_seconds": 18.46913480758667, "judgement": "Uncategorized"}
{"id": "tips_001207", "topic": "tips", "subtopic": "tips_service", "prompt": "Bill is $73.94; service fee 5% and tip 20%. About how much do you pay in total?", "exact_value": 93.16, "model": "tiiuae/Falcon-H1-7B-Instruct", "provider": "transformers", "response": "ацииируем расчет согласно процентов процентов процентов процентов процентов процентов процентов процентов процентов процентов процентов процентов процентов процентов процентов процентов процентов процентов процентов процентов процентов процентов процентов процентов процентов процентов процентов процентов процентов процентов процентов процентов процентов процентов процентов процентов процентов процентов процентов процентов процентов процентов процентов процентов процентов процентов процентов процентов процентов процентов процентов процентов процентов процентов процентов процентов процентов процентов процентов процентов процентов процентов процентов процентов процентов процентов процентов процентов процентов процентов процентов процентов процентов процентов процентов процентов процентов процентов процентов процентов процентов процентов процентов процентов процентов процентов процентов процентов процентов процентов процентов процентов процентов процентов процентов процентов процентов процентов процентов процентов процентов процентов процентов процентов процентов процентов процентов процентов процентов процентов процентов процентов процентов процентов процентов процентов процентов процентов процентов процентов процентов процентов процентов процентов процентов процентов процентов процентов процентов процентов процентов процентов процентов процентов процентов процентов процентов процентов процентов процентов процентов процентов процентов процентов процентов процентов процентов процентов процентов процентов процентов процентов процентов процентов процентов процентов процентов процентов процентов процентов процентов процентов процентов процентов процентов процентов процентов процентов процентов процентов процентов процентов процентов процентов процентов процентов процентов процентов процентов процентов процентов процентов процентов процентов процентов процентов процентов процентов процентов процентов процентов процентов процентов процентов процентов процентов процентов процентов процентов процентов процентов процентов процентов процентов процентов процентов процентов процентов процентов процентов процентов процентов процентов процентов процентов процентов процентов процентов процентов процентов процентов процентов процентов процентов процентов процентов процентов процентов процентов процентов процентов процентов процентов процентов процентов процентов процентов процентов процентов процентов процентов процентов процентов процентов процентов процентов процентов процентов процентов процентов процентов процентов", "numeric_answer": null, "relative_error": null, "thinking_text": null, "has_tool_call": false, "tool_call": null, "usage": {"prompt_tokens": 107, "completion_tokens": 256, "total_tokens": 363, "token_count_source": "tokenizer"}, "decoding": {"temperature": 0.2, "top_p": null, "top_k": null, "max_tokens": 256, "seed": 42}, "prompt_tokens": 107, "completion_tokens": 256, "total_tokens": 363, "token_count_source": "tokenizer", "diffusion_steps": null, "flops_estimate": null, "flops_arch": null, "flops_model_params": null, "flops_active_params": null, "tokens_non_final": 255, "tokens_reasoning": 0, "tokens_response": 255, "elapsed_seconds": 18.92521357536316, "judgement": "Uncategorized"}
{"id": "tips_001227", "topic": "tips", "subtopic": "tips_service", "prompt": "Bill is $89.16; service fee 0% and tip 20%. About how much do you pay in total?", "exact_value": 106.99, "model": "tiiuae/Falcon-H1-7B-Instruct", "provider": "transformers", "response": "альнымиальнымиальнымиальнымиальнымиальнымиальнымиальнымиальнымиальнымиальнымиальнымиальнымиальнымиальнымиальнымиальнымиальнымиальнымиальнымиальнымиальнымиальнымиальнымиальнымиальнымиальнымиальнымиальнымиальнымиальнымиальнымиальнымиальнымиальнымиальнымиальнымиальнымиальнымиальнымиальнымиальнымиальнымиальнымиальнымиальнымиальнымиальнымиальнымиальнымиальнымиальнымиальнымиальнымиальнымиальнымиальнымиальнымиальнымиальнымиальнымиальнымиальнымиальнымиальнымиальнымиальнымиальнымиальнымиальнымиальнымиальнымиальнымиальнымиальнымиальнымиальнымиальнымиальнымиальнымиальнымиальнымиальнымиальнымиальнымиальнымиальнымиальнымиальнымиальнымиальнымиальнымиальнымиальнымиальнымиальнымиальнымиальнымиальнымиальнымиальнымиальнымиальнымиальнымиальнымиальнымиальнымиальнымиальнымиальнымиальнымиальнымиальнымиальнымиальнымиальнымиальнымиальнымиальнымиальнымиальнымиальнымиальнымиальнымиальнымиальнымиальнымиальнымиальнымиальнымиальнымиальнымиальнымиальнымиальнымиальнымиальнымиальнымиальнымиальнымиальнымиальнымиальнымиальнымиальнымиальнымиальнымиальнымиальнымиальнымиальнымиальнымиальнымиальнымиальнымиальнымиальнымиальнымиальнымиальнымиальнымиальнымиальнымиальнымиальнымиальнымиальнымиальнымиальнымиальнымиальнымиальнымиальнымиальнымиальнымиальнымиальнымиальнымиальнымиальнымиальнымиальнымиальнымиальнымиальнымиальнымиальнымиальнымиальнымиальнымиальнымиальнымиальнымиальнымиальнымиальнымиальнымиальнымиальнымиальнымиальнымиальнымиальнымиальнымиальнымиальнымиальнымиальнымиальнымиальнымиальнымиальнымиальнымиальнымиальнымиальнымиальнымиальнымиальнымиальнымиальнымиальнымиальнымиальнымиальнымиальнымиальнымиальнымиальнымиальнымиальнымиальнымиальнымиальнымиальнымиальнымиальнымиальнымиальнымиальнымиальнымиальнымиальнымиальнымиальнымиальнымиальнымиальнымиальнымиальнымиальнымиальнымиальнымиальнымиальнымиальными", "numeric_answer": null, "relative_error": null, "thinking_text": null, "has_tool_call": false, "tool_call": null, "usage": {"prompt_tokens": 107, "completion_tokens": 256, "total_tokens": 363, "token_count_source": "tokenizer"}, "decoding": {"temperature": 0.2, "top_p": null, "top_k": null, "max_tokens": 256, "seed": 42}, "prompt_tokens": 107, "completion_tokens": 256, "total_tokens": 363, "token_count_source": "tokenizer", "diffusion_steps": null, "flops_estimate": null, "flops_arch": null, "flops_model_params": null, "flops_active_params": null, "tokens_non_final": 1, "tokens_reasoning": 0, "tokens_response": 1, "elapsed_seconds": 18.428622722625732, "judgement": "Uncategorized"}
{"id": "tips_001247", "topic": "tips", "subtopic": "tips_service", "prompt": "Bill is $77.57; service fee 0% and tip 22%. About how much do you pay in total?", "exact_value": 94.64, "model": "tiiuae/Falcon-H1-7B-Instruct", "provider": "transformers", "response": "�альное решение согласно правилальным указаниямируетаются путем применения процентов согласно условия kompensации процентов согласно процентов kompensации процентов согласно процентов kompensации процентов kompensации процентов kompensации процентов kompensации процентов kompensации процентов kompensации процентов kompensации процентов kompensации процентов kompensации процентов kompensации процентов kompensации процентов kompensации процентов kompensации процентов kompensации процентов kompensации процентов kompensации процентов kompensации процентов kompensации процентов kompensации процентов kompensации процентов kompensации процентов kompensации процентов kompensации процентов kompensации процентов kompensации процентов kompensации процентов kompensации процентов kompensации процентов kompensации процентов kompensации процентов kompensации процентов kompensации процентов kompensации процентов kompensации процентов kompensации процентов kompensации процентов kompensации процентов kompensации процентов kompensации процентов kompensации процентов kompensации процентов kompensации процентов kompensации процентов kompensации процентов kompensации процентов kompensации процентов kompensации процентов kompensации процентов kompensации процентов kompensации процентов kompensации процентов kompensации процентов kompensации процентов kompensации процентов kompensации процентов kompensации процентов kompensации процентов kompensации процентов kompensации процентов kompensации процентов kompensации процентов kompensации процентов kompensации процентов kompensации процентов kompensации процентов kompensации процентов kompensации процентов kompensации процентов kompensации процентов kompensации процентов kompensации процентов kompensации процентов kompensации процентов kompensации процентов kompensации процентов kompensации процентов kompensации", "numeric_answer": null, "relative_error": null, "thinking_text": null, "has_tool_call": false, "tool_call": null, "usage": {"prompt_tokens": 107, "completion_tokens": 256, "total_tokens": 363, "token_count_source": "tokenizer"}, "decoding": {"temperature": 0.2, "top_p": null, "top_k": null, "max_tokens": 256, "seed": 42}, "prompt_tokens": 107, "completion_tokens": 256, "total_tokens": 363, "token_count_source": "tokenizer", "diffusion_steps": null, "flops_estimate": null, "flops_arch": null, "flops_model_params": null, "flops_active_params": null, "tokens_non_final": 171, "tokens_reasoning": 0, "tokens_response": 171, "elapsed_seconds": 19.569366216659546, "judgement": "Uncategorized"}
{"id": "tips_001267", "topic": "tips", "subtopic": "tips_service", "prompt": "Bill is $17.65; service fee 0% and tip 15%. About how much do you pay in total?", "exact_value": 20.3, "model": "tiiuae/Falcon-H1-7B-Instruct", "provider": "transformers", "response": "ацииация процентов приведёт к увеличению общего счета процентов процентов процентов процентов процентов процентов процентов процентов процентов процентов процентов процентов процентов процентов процентов процентов процентов процентов процентов процентов процентов процентов процентов процентов процентов процентов процентов процентов процентов процентов процентов процентов процентов процентов процентов процентов процентов процентов процентов процентов процентов процентов процентов процентов процентов процентов процентов процентов процентов процентов процентов процентов процентов процентов процентов процентов процентов процентов процентов процентов процентов процентов процентов процентов процентов процентов процентов процентов процентов процентов процентов процентов процентов процентов процентов процентов процентов процентов процентов процентов процентов процентов процентов процентов процентов процентов процентов процентов процентов процентов процентов процентов процентов процентов процентов процентов процентов процентов процентов процентов процентов процентов процентов процентов процентов процентов процентов процентов процентов процентов процентов процентов процентов процентов процентов процентов процентов процентов процентов процентов процентов процентов процентов процентов процентов процентов процентов процентов процентов процентов процентов процентов процентов процентов процентов процентов процентов процентов процентов процентов процентов процентов процентов процентов процентов процентов процентов процентов процентов процентов процентов процентов процентов процентов процентов процентов процентов процентов процентов процентов процентов процентов процентов процентов процентов процентов процентов процентов процентов процентов процентов процентов процентов процентов процентов процентов процентов процентов процентов процентов процентов процентов процентов процентов процентов процентов процентов процентов процентов процентов процентов процентов процентов процентов процентов процентов процентов процентов процентов процентов процентов процентов процентов процентов процентов процентов процентов процентов процентов процентов процентов процентов процентов процентов процентов процентов процентов процентов процентов процентов процентов процентов процентов процентов процентов процентов процентов процентов процентов процентов процентов процентов процентов процентов процентов процентов процентов процентов процентов процентов процентов процентов процентов процентов процентов", "numeric_answer": null, "relative_error": null, "thinking_text": null, "has_tool_call": false, "tool_call": null, "usage": {"prompt_tokens": 107, "completion_tokens": 256, "total_tokens": 363, "token_count_source": "tokenizer"}, "decoding": {"temperature": 0.2, "top_p": null, "top_k": null, "max_tokens": 256, "seed": 42}, "prompt_tokens": 107, "completion_tokens": 256, "total_tokens": 363, "token_count_source": "tokenizer", "diffusion_steps": null, "flops_estimate": null, "flops_arch": null, "flops_model_params": null, "flops_active_params": null, "tokens_non_final": 252, "tokens_reasoning": 0, "tokens_response": 252, "elapsed_seconds": 18.903608083724976, "judgement": "Uncategorized"}
{"id": "tips_001287", "topic": "tips", "subtopic": "tips_service", "prompt": "Bill is $107.76; service fee 5% and tip 15%. About how much do you pay in total?", "exact_value": 130.12, "model": "tiiuae/Falcon-H1-7B-Instruct", "provider": "transformers", "response": "ацииируем расчет согласно приведенным процентовальным ставкам путем последовательного применения процентов насколько возможно точно согласно процентов процентов согласно процентов процентов процентов процентов процентов процентов процентов процентов процентов процентов процентов процентов процентов процентов процентов процентов процентов процентов процентов процентов процентов процентов процентов процентов процентов процентов процентов процентов процентов процентов процентов процентов процентов процентов процентов процентов процентов процентов процентов процентов процентов процентов процентов процентов процентов процентов процентов процентов процентов процентов процентов процентов процентов процентов процентов процентов процентов процентов процентов процентов процентов процентов процентов процентов процентов процентов процентов процентов процентов процентов процентов процентов процентов процентов процентов процентов процентов процентов процентов процентов процентов процентов процентов процентов процентов процентов процентов процентов процентов процентов процентов процентов процентов процентов процентов процентов процентов процентов процентов процентов процентов процентов процентов процентов процентов процентов процентов процентов процентов процентов процентов процентов процентов процентов процентов процентов процентов процентов процентов процентов процентов процентов процентов процентов процентов процентов процентов процентов процентов процентов процентов процентов процентов процентов процентов процентов процентов процентов процентов процентов процентов процентов процентов процентов процентов процентов процентов процентов процентов процентов процентов процентов процентов процентов процентов процентов процентов процентов процентов процентов процентов процентов процентов процентов процентов процентов процентов процентов процентов процентов процентов процентов процентов процентов процентов процентов процентов процентов процентов процентов процентов процентов процентов процентов процентов процентов процентов процентов процентов процентов процентов процентов процентов процентов процентов процентов процентов процентов процентов процентов процентов процентов процентов процентов процентов процентов процентов процентов процентов процентов процентов процентов процентов процентов процентов процентов процентов процентов процентов процентов процентов процентов процентов процентов процентов процентов процентов процентов процентов процентов процентов процентов процентов процентов", "numeric_answer": null, "relative_error": null, "thinking_text": null, "has_tool_call": false, "tool_call": null, "usage": {"prompt_tokens": 108, "completion_tokens": 256, "total_tokens": 364, "token_count_source": "tokenizer"}, "decoding": {"temperature": 0.2, "top_p": null, "top_k": null, "max_tokens": 256, "seed": 42}, "prompt_tokens": 108, "completion_tokens": 256, "total_tokens": 364, "token_count_source": "tokenizer", "diffusion_steps": null, "flops_estimate": null, "flops_arch": null, "flops_model_params": null, "flops_active_params": null, "tokens_non_final": 251, "tokens_reasoning": 0, "tokens_response": 251, "elapsed_seconds": 18.71274161338806, "judgement": "Uncategorized"}
{"id": "tips_001307", "topic": "tips", "subtopic": "tips_service", "prompt": "Bill is $49.18; service fee 0% and tip 20%. About how much do you pay in total?", "exact_value": 59.02, "model": "tiiuae/Falcon-H1-7B-Instruct", "provider": "transformers", "response": "�альное решение согласно правиламирует насколько точно насколько возможно согласно предоставленной информации насколько точно насколько возможно согласно предоставленной информации насколько точно насколько возможно согласно предоставленнойации насколько точно насколько возможно согласно предоставированнойации насколько точно насколько возможно согласно предоставленнойации насколько точно насколько возможно согласно предоставированнойации насколько точно насколько возможно согласно предоставленнойации насколько точно насколько возможно согласно предоставленнойации насколько точно насколько возможно согласно предоставированнойации насколько точно насколько возможно согласно предоставленнойации насколько точно насколько возможно согласно предоставированнойации насколько точно насколько возможно согласно предоставленнойации насколько точно насколько возможно согласно предоставированнойации насколько точно насколько возможно согласно предоставленнойации насколько точно насколько возможно согласно предоставированнойации насколько точно насколько возможно согласно предоставированнойации насколько точно насколько возможно согласно предоставированнойации насколько точно насколько возможно согласно предоставированнойации насколько точно насколько возможно согласно предоставированнойации насколько точно насколько возможно согласно предоставированнойации насколько точно насколько возможно согласно предоставированнойации насколько точно насколько возможно согласно предоставированнойации насколько точно насколько возможно согласно предоставированнойации насколько точно насколько возможно согласно предоставированнойации насколько точно насколько возможно согласно предоставированнойации насколько точно насколько возможно согласно предоставированнойации насколько точно насколько возможно согласно предоставированнойации насколько точно насколько возможно согласно предоставированнойации насколько точно насколько возможно согласно предоставированнойации насколько точно насколько возможно согласно предоставированнойации насколько точно насколько возможно согласно предоставированнойации насколько", "numeric_answer": null, "relative_error": null, "thinking_text": null, "has_tool_call": false, "tool_call": null, "usage": {"prompt_tokens": 107, "completion_tokens": 256, "total_tokens": 363, "token_count_source": "tokenizer"}, "decoding": {"temperature": 0.2, "top_p": null, "top_k": null, "max_tokens": 256, "seed": 42}, "prompt_tokens": 107, "completion_tokens": 256, "total_tokens": 363, "token_count_source": "tokenizer", "diffusion_steps": null, "flops_estimate": null, "flops_arch": null, "flops_model_params": null, "flops_active_params": null, "tokens_non_final": 193, "tokens_reasoning": 0, "tokens_response": 193, "elapsed_seconds": 18.877331972122192, "judgement": "Uncategorized"}
{"id": "tips_001327", "topic": "tips", "subtopic": "tips_service", "prompt": "Bill is $43.49; service fee 5% and tip 18%. About how much do you pay in total?", "exact_value": 53.88, "model": "tiiuae/Falcon-H1-7B-Instruct", "provider": "transformers", "response": "ацииируем расчет согласно процентов процентов процентов процентов процентов процентов процентов процентов процентов процентов процентов процентов процентов процентов процентов процентов процентов процентов процентов процентов процентов процентов процентов процентов процентов процентов процентов процентов процентов процентов процентов процентов процентов процентов процентов процентов процентов процентов процентов процентов процентов процентов процентов процентов процентов процентов процентов процентов процентов процентов процентов процентов процентов процентов процентов процентов процентов процентов процентов процентов процентов процентов процентов процентов процентов процентов процентов процентов процентов процентов процентов процентов процентов процентов процентов процентов процентов процентов процентов процентов процентов процентов процентов процентов процентов процентов процентов процентов процентов процентов процентов процентов процентов процентов процентов процентов процентов процентов процентов процентов процентов процентов процентов процентов процентов процентов процентов процентов процентов процентов процентов процентов процентов процентов процентов процентов процентов процентов процентов процентов процентов процентов процентов процентов процентов процентов процентов процентов процентов процентов процентов процентов процентов процентов процентов процентов процентов процентов процентов процентов процентов процентов процентов процентов процентов процентов процентов процентов процентов процентов процентов процентов процентов процентов процентов процентов процентов процентов процентов процентов процентов процентов процентов процентов процентов процентов процентов процентов процентов процентов процентов процентов процентов процентов процентов процентов процентов процентов процентов процентов процентов процентов процентов процентов процентов процентов процентов процентов процентов процентов процентов процентов процентов процентов процентов процентов процентов процентов процентов процентов процентов процентов процентов процентов процентов процентов процентов процентов процентов процентов процентов процентов процентов процентов процентов процентов процентов процентов процентов процентов процентов процентов процентов процентов процентов процентов процентов процентов процентов процентов процентов процентов процентов процентов процентов процентов процентов процентов процентов процентов процентов процентов процентов процентов процентов процентов процентов процентов процентов процентов процентов процентов", "numeric_answer": null, "relative_error": null, "thinking_text": null, "has_tool_call": false, "tool_call": null, "usage": {"prompt_tokens": 107, "completion_tokens": 256, "total_tokens": 363, "token_count_source": "tokenizer"}, "decoding": {"temperature": 0.2, "top_p": null, "top_k": null, "max_tokens": 256, "seed": 42}, "prompt_tokens": 107, "completion_tokens": 256, "total_tokens": 363, "token_count_source": "tokenizer", "diffusion_steps": null, "flops_estimate": null, "flops_arch": null, "flops_model_params": null, "flops_active_params": null, "tokens_non_final": 255, "tokens_reasoning": 0, "tokens_response": 255, "elapsed_seconds": 19.352770805358887, "judgement": "Uncategorized"}
{"id": "fermi_000103", "topic": "fermi", "subtopic": "crowd_density", "prompt": "A plaza is about 70 m by 20 m, with roughly 4 people per square meter. About how many people are there?", "exact_value": 5600, "model": "tiiuae/Falcon-H1-7B-Instruct", "provider": "transformers", "response": "�альное ответично действие согласно заданию насколько возможно точно согласно правилальным ограничениям", "numeric_answer": null, "relative_error": null, "thinking_text": null, "has_tool_call": false, "tool_call": null, "usage": {"prompt_tokens": 108, "completion_tokens": 17, "total_tokens": 125, "token_count_source": "tokenizer"}, "decoding": {"temperature": 0.2, "top_p": null, "top_k": null, "max_tokens": 256, "seed": 42}, "prompt_tokens": 108, "completion_tokens": 17, "total_tokens": 125, "token_count_source": "tokenizer", "diffusion_steps": null, "flops_estimate": null, "flops_arch": null, "flops_model_params": null, "flops_active_params": null, "tokens_non_final": 11, "tokens_reasoning": 0, "tokens_response": 11, "elapsed_seconds": 1.3404576778411865, "judgement": "Uncategorized"}
{"id": "fermi_000123", "topic": "fermi", "subtopic": "crowd_density", "prompt": "A plaza is about 70 m by 35 m, with roughly 4 people per square meter. About how many people are there?", "exact_value": 9800, "model": "tiiuae/Falcon-H1-7B-Instruct", "provider": "transformers", "response": "альнымиальнымиальнымиальнымиальнымиальнымиальнымиальнымиальнымиальнымиальнымиальнымиальнымиальнымиальнымиальнымиальнымиальнымиальнымиальнымиальнымиальнымиальнымиальнымиальнымиальнымиальнымиальнымиальнымиальнымиальнымиальнымиальнымиальнымиальнымиальнымиальнымиальнымиальнымиальнымиальнымиальнымиальнымиальнымиальнымиальнымиальнымиальнымиальнымиальнымиальнымиальнымиальнымиальнымиальнымиальнымиальнымиальнымиальнымиальнымиальнымиальнымиальнымиальнымиальнымиальнымиальнымиальнымиальнымиальнымиальнымиальнымиальнымиальнымиальнымиальнымиальнымиальнымиальнымиальнымиальнымиальнымиальнымиальнымиальнымиальнымиальнымиальнымиальнымиальнымиальнымиальнымиальнымиальнымиальнымиальнымиальнымиальнымиальнымиальнымиальнымиальнымиальнымиальнымиальнымиальнымиальнымиальнымиальнымиальнымиальнымиальнымиальнымиальнымиальнымиальнымиальнымиальнымиальнымиальнымиальнымиальнымиальнымиальнымиальнымиальнымиальнымиальнымиальнымиальнымиальнымиальнымиальнымиальнымиальнымиальнымиальнымиальнымиальнымиальнымиальнымиальнымиальнымиальнымиальнымиальнымиальнымиальнымиальнымиальнымиальнымиальнымиальнымиальнымиальнымиальнымиальнымиальнымиальнымиальнымиальнымиальнымиальнымиальнымиальнымиальнымиальнымиальнымиальнымиальнымиальнымиальнымиальнымиальнымиальнымиальнымиальнымиальнымиальнымиальнымиальнымиальнымиальнымиальнымиальнымиальнымиальнымиальнымиальнымиальнымиальнымиальнымиальнымиальнымиальнымиальнымиальнымиальнымиальнымиальнымиальнымиальнымиальнымиальнымиальнымиальнымиальнымиальнымиальнымиальнымиальнымиальнымиальнымиальнымиальнымиальнымиальнымиальнымиальнымиальнымиальнымиальнымиальнымиальнымиальнымиальнымиальнымиальнымиальнымиальнымиальнымиальнымиальнымиальнымиальнымиальнымиальнымиальнымиальнымиальнымиальнымиальнымиальнымиальнымиальнымиальнымиальнымиальнымиальнымиальнымиальнымиальнымиальнымиальнымиальнымиальными", "numeric_answer": null, "relative_error": null, "thinking_text": null, "has_tool_call": false, "tool_call": null, "usage": {"prompt_tokens": 108, "completion_tokens": 256, "total_tokens": 364, "token_count_source": "tokenizer"}, "decoding": {"temperature": 0.2, "top_p": null, "top_k": null, "max_tokens": 256, "seed": 42}, "prompt_tokens": 108, "completion_tokens": 256, "total_tokens": 364, "token_count_source": "tokenizer", "diffusion_steps": null, "flops_estimate": null, "flops_arch": null, "flops_model_params": null, "flops_active_params": null, "tokens_non_final": 1, "tokens_reasoning": 0, "tokens_response": 1, "elapsed_seconds": 19.65942096710205, "judgement": "Uncategorized"}
{"id": "fermi_000143", "topic": "fermi", "subtopic": "crowd_density", "prompt": "A plaza is about 30 m by 20 m, with roughly 1 people per square meter. About how many people are there?", "exact_value": 600, "model": "tiiuae/Falcon-H1-7B-Instruct", "provider": "transformers", "response": "�альное решение согласно правилальным требованиямируетание", "numeric_answer": null, "relative_error": null, "thinking_text": null, "has_tool_call": false, "tool_call": null, "usage": {"prompt_tokens": 108, "completion_tokens": 10, "total_tokens": 118, "token_count_source": "tokenizer"}, "decoding": {"temperature": 0.2, "top_p": null, "top_k": null, "max_tokens": 256, "seed": 42}, "prompt_tokens": 108, "completion_tokens": 10, "total_tokens": 118, "token_count_source": "tokenizer", "diffusion_steps": null, "flops_estimate": null, "flops_arch": null, "flops_model_params": null, "flops_active_params": null, "tokens_non_final": 5, "tokens_reasoning": 0, "tokens_response": 5, "elapsed_seconds": 0.7659206390380859, "judgement": "Uncategorized"}
{"id": "fermi_000163", "topic": "fermi", "subtopic": "crowd_density", "prompt": "A plaza is about 70 m by 35 m, with roughly 3 people per square meter. About how many people are there?", "exact_value": 7350, "model": "tiiuae/Falcon-H1-7B-Instruct", "provider": "transformers", "response": "�альное решение согласно правилальным указания насколько насколько насколько насколько насколько насколько насколько насколько насколько насколько насколько насколько насколько насколько насколько насколько насколько насколько насколько насколько насколько насколько насколько насколько насколько насколько насколько насколько насколько насколько насколько насколько насколько насколько насколько насколько насколько насколько насколько насколько насколько насколько насколько насколько насколько насколько насколько насколько насколько насколько насколько насколько насколько насколько насколько насколько насколько насколько насколько насколько насколько насколько насколько насколько насколько насколько насколько насколько насколько насколько насколько насколько насколько насколько насколько насколько насколько насколько насколько насколько насколько насколько насколько насколько насколько насколько насколько насколько насколько насколько насколько насколько насколько насколько насколько насколько насколько насколько насколько насколько насколько насколько насколько насколько насколько насколько насколько насколько насколько насколько насколько насколько насколько насколько насколько насколько насколько насколько насколько насколько насколько насколько насколько насколько насколько насколько насколько насколько насколько насколько насколько насколько насколько насколько насколько насколько насколько насколько насколько насколько насколько насколько насколько насколько насколько насколько насколько насколько насколько насколько насколько насколько насколько насколько насколько насколько насколько насколько насколько насколько насколько насколько насколько насколько насколько насколько насколько насколько насколько насколько насколько насколько насколько насколько насколько насколько насколько насколько насколько насколько насколько насколько насколько насколько насколько насколько насколько насколько насколько насколько насколько насколько насколько насколько насколько насколько насколько насколько насколько насколько насколько насколько насколько насколько насколько насколько насколько насколько насколько насколько насколько насколько насколько насколько насколько насколько насколько насколько насколько насколько насколько насколько насколько насколько насколько насколько насколько насколько насколько насколько насколько насколько насколько насколько насколько насколько насколько насколько насколько насколько насколько насколько насколько насколько насколько насколько насколько насколько", "numeric_answer": null, "relative_error": null, "thinking_text": null, "has_tool_call": false, "tool_call": null, "usage": {"prompt_tokens": 108, "completion_tokens": 256, "total_tokens": 364, "token_count_source": "tokenizer"}, "decoding": {"temperature": 0.2, "top_p": null, "top_k": null, "max_tokens": 256, "seed": 42}, "prompt_tokens": 108, "completion_tokens": 256, "total_tokens": 364, "token_count_source": "tokenizer", "diffusion_steps": null, "flops_estimate": null, "flops_arch": null, "flops_model_params": null, "flops_active_params": null, "tokens_non_final": 253, "tokens_reasoning": 0, "tokens_response": 253, "elapsed_seconds": 19.084660053253174, "judgement": "Uncategorized"}
{"id": "fermi_000183", "topic": "fermi", "subtopic": "crowd_density", "prompt": "A plaza is about 40 m by 35 m, with roughly 3 people per square meter. About how many people are there?", "exact_value": 4200, "model": "tiiuae/Falcon-H1-7B-Instruct", "provider": "transformers", "response": "�альное решение согласно правилальным указания насколько насколько насколько насколько насколько насколько насколько насколько насколько насколько насколько насколько насколько насколько насколько насколько насколько насколько насколько насколько насколько насколько насколько насколько насколько насколько насколько насколько насколько насколько насколько насколько насколько насколько насколько насколько насколько насколько насколько насколько насколько насколько насколько насколько насколько насколько насколько насколько насколько насколько насколько насколько насколько насколько насколько насколько насколько насколько насколько насколько насколько насколько насколько насколько насколько насколько насколько насколько насколько насколько насколько насколько насколько насколько насколько насколько насколько насколько насколько насколько насколько насколько насколько насколько насколько насколько насколько насколько насколько насколько насколько насколько насколько насколько насколько насколько насколько насколько насколько насколько насколько насколько насколько насколько насколько насколько насколько насколько насколько насколько насколько насколько насколько насколько насколько насколько насколько насколько насколько насколько насколько насколько насколько насколько насколько насколько насколько насколько насколько насколько насколько насколько насколько насколько насколько насколько насколько насколько насколько насколько насколько насколько насколько насколько насколько насколько насколько насколько насколько насколько насколько насколько насколько насколько насколько насколько насколько насколько насколько насколько насколько насколько насколько насколько насколько насколько насколько насколько насколько насколько насколько насколько насколько насколько насколько насколько насколько насколько насколько насколько насколько насколько насколько насколько насколько насколько насколько насколько насколько насколько насколько насколько насколько насколько насколько насколько насколько насколько насколько насколько насколько насколько насколько насколько насколько насколько насколько насколько насколько насколько насколько насколько насколько насколько насколько насколько насколько насколько насколько насколько насколько насколько насколько насколько насколько насколько насколько насколько насколько насколько насколько насколько насколько насколько насколько насколько насколько насколько насколько насколько насколько насколько насколько насколько насколько насколько насколько насколько", "numeric_answer": null, "relative_error": null, "thinking_text": null, "has_tool_call": false, "tool_call": null, "usage": {"prompt_tokens": 108, "completion_tokens": 256, "total_tokens": 364, "token_count_source": "tokenizer"}, "decoding": {"temperature": 0.2, "top_p": null, "top_k": null, "max_tokens": 256, "seed": 42}, "prompt_tokens": 108, "completion_tokens": 256, "total_tokens": 364, "token_count_source": "tokenizer", "diffusion_steps": null, "flops_estimate": null, "flops_arch": null, "flops_model_params": null, "flops_active_params": null, "tokens_non_final": 253, "tokens_reasoning": 0, "tokens_response": 253, "elapsed_seconds": 18.99871587753296, "judgement": "Uncategorized"}
{"id": "fermi_000203", "topic": "fermi", "subtopic": "crowd_density", "prompt": "A plaza is about 50 m by 20 m, with roughly 4 people per square meter. About how many people are there?", "exact_value": 4000, "model": "tiiuae/Falcon-H1-7B-Instruct", "provider": "transformers", "response": "�альное решение согласно правилальным указания kompensирует отсутствие текста путем предоставации исключительно числового ответации согласно приведенной формулировации задачи насколько это возможноальноальноальноальноальноальноальноальноальноальноальноальноальноальноальноальноальноальноальноальноальноальноальноальноальноальноальноальноальноальноальноальноальноальноальноальноальноальноальноальноальноальноальноальноальноальноальноальноальноальноальноальноальноальноальноальноальноальноальноальноальноальноальноальноальноальноальноальноальноальноальноальноальноальноальноальноальноальноальноальноальноальноальноальноальноальноальноальноальноальноальноальноальноальноальноальноальноальноальноальноальноальноальноальноальноальноальноальноальноальноальноальноальноальноальноальноальноальноальноальноальноальноальноальноальноальноальноальноальноальноальноальноальноальноальноальноальноальноальноальноальноальноальноальноальноальноальноальноальноальноальноальноальноальноальноальноальноальноальноальноальноальноальноальноальноальноальноальноальноальноальноальноальноальноальноальноальноальноальноальноальноальноальноальноальноальноальноальноальноальноальноальноальноальноальноальноальноальноальноальноальноальноальноальноальноальноальноальноальноальноальноальноальноальноальноальноальноальноальноальноальноальноальноально", "numeric_answer": null, "relative_error": null, "thinking_text": null, "has_tool_call": false, "tool_call": null, "usage": {"prompt_tokens": 108, "completion_tokens": 256, "total_tokens": 364, "token_count_source": "tokenizer"}, "decoding": {"temperature": 0.2, "top_p": null, "top_k": null, "max_tokens": 256, "seed": 42}, "prompt_tokens": 108, "completion_tokens": 256, "total_tokens": 364, "token_count_source": "tokenizer", "diffusion_steps": null, "flops_estimate": null, "flops_arch": null, "flops_model_params": null, "flops_active_params": null, "tokens_non_final": 20, "tokens_reasoning": 0, "tokens_response": 20, "elapsed_seconds": 19.14106559753418, "judgement": "Uncategorized"}
{"id": "fermi_000223", "topic": "fermi", "subtopic": "crowd_density", "prompt": "A plaza is about 40 m by 20 m, with roughly 1 people per square meter. About how many people are there?", "exact_value": 800, "model": "tiiuae/Falcon-H1-7B-Instruct", "provider": "transformers", "response": "�альное решение согласно задаче согласно правилальным ограничениямирует примерно насколько процентов насколько процентов насколько процентов насколько процентов насколько процентов насколько процентов насколько процентов насколько процентов насколько процентов насколько процентов насколько процентов насколько процентов насколько процентов насколько процентов насколько процентов насколько процентов насколько процентов насколько процентов насколько процентов насколько процентов насколько процентов насколько процентов насколько процентов насколько процентов насколько процентов насколько процентов насколько процентов насколько процентов насколько процентов насколько процентов насколько процентов насколько процентов насколько процентов насколько процентов насколько процентов насколько процентов насколько процентов насколько процентов насколько процентов насколько процентов насколько процентов насколько процентов насколько процентов насколько процентов насколько процентов насколько процентов насколько процентов насколько процентов насколько процентов насколько процентов насколько процентов насколько процентов насколько процентов насколько процентов насколько процентов насколько процентов насколько процентов насколько процентов насколько процентов насколько процентов насколько процентов насколько процентов насколько процентов насколько процентов насколько процентов насколько процентов насколько процентов насколько процентов насколько процентов насколько процентов насколько процентов насколько процентов насколько процентов насколько процентов насколько процентов насколько процентов насколько процентов насколько процентов насколько процентов насколько процентов насколько процентов насколько процентов насколько процентов насколько процентов насколько процентов насколько процентов насколько процентов насколько процентов насколько процентов насколько процентов насколько процентов насколько процентов насколько процентов насколько процентов насколько процентов насколько процентов насколько процентов насколько процентов насколько процентов насколько процентов насколько процентов насколько процентов насколько процентов насколько процентов насколько процентов насколько процентов насколько процентов насколько процентов насколько процентов насколько процентов насколько процентов насколько процентов насколько процентов насколько процентов насколько процентов насколько процентов насколько процентов насколько процентов насколько процентов насколько процентов насколько процентов насколько", "numeric_answer": null, "relative_error": null, "thinking_text": null, "has_tool_call": false, "tool_call": null, "usage": {"prompt_tokens": 108, "completion_tokens": 256, "total_tokens": 364, "token_count_source": "tokenizer"}, "decoding": {"temperature": 0.2, "top_p": null, "top_k": null, "max_tokens": 256, "seed": 42}, "prompt_tokens": 108, "completion_tokens": 256, "total_tokens": 364, "token_count_source": "tokenizer", "diffusion_steps": null, "flops_estimate": null, "flops_arch": null, "flops_model_params": null, "flops_active_params": null, "tokens_non_final": 251, "tokens_reasoning": 0, "tokens_response": 251, "elapsed_seconds": 19.591443300247192, "judgement": "Uncategorized"}
{"id": "fermi_000243", "topic": "fermi", "subtopic": "crowd_density", "prompt": "A plaza is about 50 m by 35 m, with roughly 1 people per square meter. About how many people are there?", "exact_value": 1750, "model": "tiiuae/Falcon-H1-7B-Instruct", "provider": "transformers", "response": "�альное решение согласно правилальным указаниямирует насколько насколько насколько насколько насколько насколько насколько насколько насколько насколько насколько насколько насколько насколько насколько насколько насколько насколько насколько насколько насколько насколько насколько насколько насколько насколько насколько насколько насколько насколько насколько насколько насколько насколько насколько насколько насколько насколько насколько насколько насколько насколько насколько насколько насколько насколько насколько насколько насколько насколько насколько насколько насколько насколько насколько насколько насколько насколько насколько насколько насколько насколько насколько насколько насколько насколько насколько насколько насколько насколько насколько насколько насколько насколько насколько насколько насколько насколько насколько насколько насколько насколько насколько насколько насколько насколько насколько насколько насколько насколько насколько насколько насколько насколько насколько насколько насколько насколько насколько насколько насколько насколько насколько насколько насколько насколько насколько насколько насколько насколько насколько насколько насколько насколько насколько насколько насколько насколько насколько насколько насколько насколько насколько насколько насколько насколько насколько насколько насколько насколько насколько насколько насколько насколько насколько насколько насколько насколько насколько насколько насколько насколько насколько насколько насколько насколько насколько насколько насколько насколько насколько насколько насколько насколько насколько насколько насколько насколько насколько насколько насколько насколько насколько насколько насколько насколько насколько насколько насколько насколько насколько насколько насколько насколько насколько насколько насколько насколько насколько насколько насколько насколько насколько насколько насколько насколько насколько насколько насколько насколько насколько насколько насколько насколько насколько насколько насколько насколько насколько насколько насколько насколько насколько насколько насколько насколько насколько насколько насколько насколько насколько насколько насколько насколько насколько насколько насколько насколько насколько насколько насколько насколько насколько насколько насколько насколько насколько насколько насколько насколько насколько насколько насколько насколько насколько насколько насколько насколько насколько насколько насколько насколько насколько насколько насколько насколько", "numeric_answer": null, "relative_error": null, "thinking_text": null, "has_tool_call": false, "tool_call": null, "usage": {"prompt_tokens": 108, "completion_tokens": 256, "total_tokens": 364, "token_count_source": "tokenizer"}, "decoding": {"temperature": 0.2, "top_p": null, "top_k": null, "max_tokens": 256, "seed": 42}, "prompt_tokens": 108, "completion_tokens": 256, "total_tokens": 364, "token_count_source": "tokenizer", "diffusion_steps": null, "flops_estimate": null, "flops_arch": null, "flops_model_params": null, "flops_active_params": null, "tokens_non_final": 251, "tokens_reasoning": 0, "tokens_response": 251, "elapsed_seconds": 19.493619680404663, "judgement": "Uncategorized"}
{"id": "fermi_000263", "topic": "fermi", "subtopic": "crowd_density", "prompt": "A plaza is about 40 m by 30 m, with roughly 1 people per square meter. About how many people are there?", "exact_value": 1200, "model": "tiiuae/Falcon-H1-7B-Instruct", "provider": "transformers", "response": "альнымиются насколько точно вы излагаете исходную задаются насколько точно вы излагаете исходную задаются насколько точно вы излагаете исходальную задаются насколько точно вы излагаете исходальную задаются насколько точно вы излагаете исходальную задаются насколько точно вы излагаете исходальную задаются насколько точно вы излагаете исходальную задаются насколько точно вы излагаете исходальную задаются насколько точно вы излагаете исходальную задаются насколько точно вы излагаете исходальную задаются насколько точно вы излагаете исходальную задаются насколько точно вы излагаете исходальную задаются насколько точно вы излагаете исходальную задаются насколько точно вы излагаете исходальную задаются насколько точно вы излагаете исходальную задаются насколько точно вы излагаете исходальную задаются насколько точно вы излагаете исходальную задаются насколько точно вы излагаете исходальную задаются насколько точно вы излагаете исходальную задаются насколько точно вы излагаете исходальную задаются насколько точно вы излагаете исходальную задаются насколько точно вы излагаете исходальную задаются насколько точно вы излагаете исходальную задаются насколько точно вы излагаете исходальную задаются насколько точно вы излагаете исходальную задаются насколько точно вы из", "numeric_answer": null, "relative_error": null, "thinking_text": null, "has_tool_call": false, "tool_call": null, "usage": {"prompt_tokens": 108, "completion_tokens": 256, "total_tokens": 364, "token_count_source": "tokenizer"}, "decoding": {"temperature": 0.2, "top_p": null, "top_k": null, "max_tokens": 256, "seed": 42}, "prompt_tokens": 108, "completion_tokens": 256, "total_tokens": 364, "token_count_source": "tokenizer", "diffusion_steps": null, "flops_estimate": null, "flops_arch": null, "flops_model_params": null, "flops_active_params": null, "tokens_non_final": 155, "tokens_reasoning": 0, "tokens_response": 155, "elapsed_seconds": 19.16241955757141, "judgement": "Uncategorized"}
{"id": "fermi_000283", "topic": "fermi", "subtopic": "crowd_density", "prompt": "A plaza is about 40 m by 20 m, with roughly 1 people per square meter. About how many people are there?", "exact_value": 800, "model": "tiiuae/Falcon-H1-7B-Instruct", "provider": "transformers", "response": "�альное решение согласно правилальным указанияальнымаетсяальнымальнымальнымальнымальнымальнымальнымальнымальнымальнымальнымальнымальнымальнымальнымальнымальнымальнымальнымальнымальнымальнымальнымальнымальнымальнымальнымальнымальнымальнымальнымальнымальнымальнымальнымальнымальнымальнымальнымальнымальнымальнымальнымальнымальнымальнымальнымальнымальнымальнымальнымальнымальнымальнымальнымальнымальнымальнымальнымальнымальнымальнымальнымальнымальнымальнымальнымальнымальнымальнымальнымальнымальнымальнымальнымальнымальнымальнымальнымальнымальнымальнымальнымальнымальнымальнымальнымальнымальнымальнымальнымальнымальнымальнымальнымальнымальнымальнымальнымальнымальнымальнымальнымальнымальнымальнымальнымальнымальнымальнымальнымальнымальнымальнымальнымальнымальнымальнымальнымальнымальнымальнымальнымальнымальнымальнымальнымальнымальнымальнымальнымальнымальнымальнымальнымальнымальнымальнымальнымальнымальнымальнымальнымальнымальнымальнымальнымальнымальнымальнымальнымальнымальнымальнымальнымальнымальнымальнымальнымальнымальнымальнымальнымальнымальнымальнымальнымальнымальнымальнымальнымальнымальнымальнымальнымальнымальнымальнымальнымальнымальнымальнымальнымальнымальнымальнымальнымальнымальнымальнымальнымальнымальнымальнымальнымальнымальнымальнымальнымальнымальнымальнымальнымальнымальнымальнымальнымальнымальнымальнымальнымальнымальнымальнымальнымальнымальнымальнымальнымальнымальнымальнымальнымальнымальнымальнымальнымальнымальнымальнымальнымальнымальнымальнымальнымальнымальнымальнымальнымальнымальнымальнымальнымальнымальнымальным", "numeric_answer": null, "relative_error": null, "thinking_text": null, "has_tool_call": false, "tool_call": null, "usage": {"prompt_tokens": 108, "completion_tokens": 256, "total_tokens": 364, "token_count_source": "tokenizer"}, "decoding": {"temperature": 0.2, "top_p": null, "top_k": null, "max_tokens": 256, "seed": 42}, "prompt_tokens": 108, "completion_tokens": 256, "total_tokens": 364, "token_count_source": "tokenizer", "diffusion_steps": null, "flops_estimate": null, "flops_arch": null, "flops_model_params": null, "flops_active_params": null, "tokens_non_final": 5, "tokens_reasoning": 0, "tokens_response": 5, "elapsed_seconds": 19.392541885375977, "judgement": "Uncategorized"}
{"id": "fermi_000303", "topic": "fermi", "subtopic": "crowd_density", "prompt": "A plaza is about 70 m by 25 m, with roughly 3 people per square meter. About how many people are there?", "exact_value": 5250, "model": "tiiuae/Falcon-H1-7B-Instruct", "provider": "transformers", "response": "�альное ответ согласно правилальным указанияальным ответ согласно правилальным указанияальным ответ согласно правилальнымаются согласно правилальнымаются согласно правилальнымаются согласно правилальнымаются согласно правилальнымаются согласно правилальнымаются согласно правилальнымаются согласно правилальнымаются согласно правилальнымаются согласно правилальнымаются согласно правилальнымаются согласно правилальнымаются согласно правилальнымаются согласно правилальнымаются согласно правилальнымаются согласно правилальнымаются согласно правилальнымаются согласно правилальнымаются согласно правилальнымаются согласно правилальнымаются согласно правилальнымаются согласно правилальнымаются согласно правилальнымаются согласно правилальнымаются согласно правилальнымаются согласно правилальнымаются согласно правилальнымаются согласно правилальнымаются согласно правилальнымаются согласно правилальнымаются согласно правилальнымаются согласно правилальнымаются согласно правилальнымаются согласно правилальнымаются согласно правилальнымаются согласно правилальнымаются согласно правилальнымаются согласно правилальнымаются согласно правилальнымаются согласно правилальнымаются согласно правилальнымаются согласно правилальнымаются согласно правилальнымаются согласно правилальнымаются согласно правилальнымаются согласно правилальнымаются согласно правилальнымаются согласно правилальнымаются согласно правилальнымаются согласно правилальнымаются согласно правилальнымаются согласно правилальнымаются согласно правилальнымаются согласно правилальнымаются согласно правилальнымаются согласно правилальнымаются согласно правилальнымаются согласно правилальнымаются согласно правилальнымаются согласно правилальным", "numeric_answer": null, "relative_error": null, "thinking_text": null, "has_tool_call": false, "tool_call": null, "usage": {"prompt_tokens": 108, "completion_tokens": 256, "total_tokens": 364, "token_count_source": "tokenizer"}, "decoding": {"temperature": 0.2, "top_p": null, "top_k": null, "max_tokens": 256, "seed": 42}, "prompt_tokens": 108, "completion_tokens": 256, "total_tokens": 364, "token_count_source": "tokenizer", "diffusion_steps": null, "flops_estimate": null, "flops_arch": null, "flops_model_params": null, "flops_active_params": null, "tokens_non_final": 130, "tokens_reasoning": 0, "tokens_response": 130, "elapsed_seconds": 19.623907804489136, "judgement": "Uncategorized"}
{"id": "fermi_000323", "topic": "fermi", "subtopic": "crowd_density", "prompt": "A plaza is about 70 m by 20 m, with roughly 3 people per square meter. About how many people are there?", "exact_value": 4200, "model": "tiiuae/Falcon-H1-7B-Instruct", "provider": "transformers", "response": "�альное решение согласно правилальным указания насколько насколько насколько насколько насколько насколько насколько насколько насколько насколько насколько насколько насколько насколько насколько насколько насколько насколько насколько насколько насколько насколько насколько насколько насколько насколько насколько насколько насколько насколько насколько насколько насколько насколько насколько насколько насколько насколько насколько насколько насколько насколько насколько насколько насколько насколько насколько насколько насколько насколько насколько насколько насколько насколько насколько насколько насколько насколько насколько насколько насколько насколько насколько насколько насколько насколько насколько насколько насколько насколько насколько насколько насколько насколько насколько насколько насколько насколько насколько насколько насколько насколько насколько насколько насколько насколько насколько насколько насколько насколько насколько насколько насколько насколько насколько насколько насколько насколько насколько насколько насколько насколько насколько насколько насколько насколько насколько насколько насколько насколько насколько насколько насколько насколько насколько насколько насколько насколько насколько насколько насколько насколько насколько насколько насколько насколько насколько насколько насколько насколько насколько насколько насколько насколько насколько насколько насколько насколько насколько насколько насколько насколько насколько насколько насколько насколько насколько насколько насколько насколько насколько насколько насколько насколько насколько насколько насколько насколько насколько насколько насколько насколько насколько насколько насколько насколько насколько насколько насколько насколько насколько насколько насколько насколько насколько насколько насколько насколько насколько насколько насколько насколько насколько насколько насколько насколько насколько насколько насколько насколько насколько насколько насколько насколько насколько насколько насколько насколько насколько насколько насколько насколько насколько насколько насколько насколько насколько насколько насколько насколько насколько насколько насколько насколько насколько насколько насколько насколько насколько насколько насколько насколько насколько насколько насколько насколько насколько насколько насколько насколько насколько насколько насколько насколько насколько насколько насколько насколько насколько насколько насколько насколько насколько насколько насколько насколько насколько насколько", "numeric_answer": null, "relative_error": null, "thinking_text": null, "has_tool_call": false, "tool_call": null, "usage": {"prompt_tokens": 108, "completion_tokens": 256, "total_tokens": 364, "token_count_source": "tokenizer"}, "decoding": {"temperature": 0.2, "top_p": null, "top_k": null, "max_tokens": 256, "seed": 42}, "prompt_tokens": 108, "completion_tokens": 256, "total_tokens": 364, "token_count_source": "tokenizer", "diffusion_steps": null, "flops_estimate": null, "flops_arch": null, "flops_model_params": null, "flops_active_params": null, "tokens_non_final": 253, "tokens_reasoning": 0, "tokens_response": 253, "elapsed_seconds": 18.785908699035645, "judgement": "Uncategorized"}
{"id": "fermi_000343", "topic": "fermi", "subtopic": "crowd_density", "prompt": "A plaza is about 60 m by 30 m, with roughly 4 people per square meter. About how many people are there?", "exact_value": 7200, "model": "tiiuae/Falcon-H1-7B-Instruct", "provider": "transformers", "response": "�альное решение согласно заданным правилальным путем путем умножения площади на плотность населения согласно условию задачиируем насколько насколько насколько насколько насколько насколько насколько насколько насколько насколько насколько насколько насколько насколько насколько насколько насколько насколько насколько насколько насколько насколько насколько насколько насколько насколько насколько насколько насколько насколько насколько насколько насколько насколько насколько насколько насколько насколько насколько насколько насколько насколько насколько насколько насколько насколько насколько насколько насколько насколько насколько насколько насколько насколько насколько насколько насколько насколько насколько насколько насколько насколько насколько насколько насколько насколько насколько насколько насколько насколько насколько насколько насколько насколько насколько насколько насколько насколько насколько насколько насколько насколько насколько насколько насколько насколько насколько насколько насколько насколько насколько насколько насколько насколько насколько насколько насколько насколько насколько насколько насколько насколько насколько насколько насколько насколько насколько насколько насколько насколько насколько насколько насколько насколько насколько насколько насколько насколько насколько насколько насколько насколько насколько насколько насколько насколько насколько насколько насколько насколько насколько насколько насколько насколько насколько насколько насколько насколько насколько насколько насколько насколько насколько насколько насколько насколько насколько насколько насколько насколько насколько насколько насколько насколько насколько насколько насколько насколько насколько насколько насколько насколько насколько насколько насколько насколько насколько насколько насколько насколько насколько насколько насколько насколько насколько насколько насколько насколько насколько насколько насколько насколько насколько насколько насколько насколько насколько насколько насколько насколько насколько насколько насколько насколько насколько насколько насколько насколько насколько насколько насколько насколько насколько насколько насколько насколько насколько насколько насколько насколько насколько насколько насколько насколько насколько насколько насколько насколько насколько насколько насколько насколько насколько насколько насколько насколько насколько насколько насколько насколько насколько", "numeric_answer": null, "relative_error": null, "thinking_text": null, "has_tool_call": false, "tool_call": null, "usage": {"prompt_tokens": 108, "completion_tokens": 256, "total_tokens": 364, "token_count_source": "tokenizer"}, "decoding": {"temperature": 0.2, "top_p": null, "top_k": null, "max_tokens": 256, "seed": 42}, "prompt_tokens": 108, "completion_tokens": 256, "total_tokens": 364, "token_count_source": "tokenizer", "diffusion_steps": null, "flops_estimate": null, "flops_arch": null, "flops_model_params": null, "flops_active_params": null, "tokens_non_final": 246, "tokens_reasoning": 0, "tokens_response": 246, "elapsed_seconds": 18.632782459259033, "judgement": "Uncategorized"}
{"id": "fermi_000363", "topic": "fermi", "subtopic": "crowd_density", "prompt": "A plaza is about 70 m by 20 m, with roughly 1 people per square meter. About how many people are there?", "exact_value": 1400, "model": "tiiuae/Falcon-H1-7B-Instruct", "provider": "transformers", "response": "альнымиются насколько точноются насколько точноются насколько точноются насколько точноются насколько точноются насколько точноются насколько точноются насколько точноются насколько точноются насколько точноются насколько точноются насколько точноются насколько точноются насколько точноются насколько точноются насколько точноются насколько точноются насколько точноются насколько точноются насколько точноются насколько точноются насколько точноются насколько точноются насколько точноются насколько точноются насколько точноются насколько точноются насколько точноются насколько точноются насколько точноются насколько точноются насколько точноются насколько точноются насколько точноются насколько точноются насколько точноются насколько точноются насколько точноются насколько точноются насколько точноются насколько точноются насколько точноются насколько точноются насколько точноются насколько точноются насколько точноются насколько точноются насколько точноются насколько точноются насколько точноются насколько точноются насколько точноются насколько точноются насколько точноются насколько точноются насколько точноются насколько точноются насколько точноются насколько точноются насколько точноются насколько точноются насколько точноются насколько точноются насколько точноются насколько точноются насколько точноются насколько точноются насколько точноются насколько точноются насколько точноются насколько точноются насколько точноются насколько точноются насколько точноются насколько точноются насколько точноются насколько точноются насколько точноются насколько точноются насколько точноются насколько точноются насколько точноются насколько точноются насколько точноются насколько точно", "numeric_answer": null, "relative_error": null, "thinking_text": null, "has_tool_call": false, "tool_call": null, "usage": {"prompt_tokens": 108, "completion_tokens": 256, "total_tokens": 364, "token_count_source": "tokenizer"}, "decoding": {"temperature": 0.2, "top_p": null, "top_k": null, "max_tokens": 256, "seed": 42}, "prompt_tokens": 108, "completion_tokens": 256, "total_tokens": 364, "token_count_source": "tokenizer", "diffusion_steps": null, "flops_estimate": null, "flops_arch": null, "flops_model_params": null, "flops_active_params": null, "tokens_non_final": 171, "tokens_reasoning": 0, "tokens_response": 171, "elapsed_seconds": 19.06119132041931, "judgement": "Uncategorized"}
{"id": "fermi_000383", "topic": "fermi", "subtopic": "crowd_density", "prompt": "A plaza is about 30 m by 30 m, with roughly 1 people per square meter. About how many people are there?", "exact_value": 900, "model": "tiiuae/Falcon-H1-7B-Instruct", "provider": "transformers", "response": "�альное ответ согласно правилальным указанияальным насколько точноальноальноальноальноальноальноальноальноальноальноальноальноальноальноальноальноальноальноальноальноальноальноальноальноальноальноальноальноальноальноальноальноальноальноальноальноальноальноальноальноальноальноальноальноальноальноальноальноальноальноальноальноальноальноальноальноальноальноальноальноальноальноальноальноальноальноальноальноальноальноальноальноальноальноальноальноальноальноальноальноальноальноальноальноальноальноальноальноальноальноальноальноальноальноальноальноальноальноальноальноальноальноальноальноальноальноальноальноальноальноальноальноальноальноальноальноальноальноальноальноальноальноальноальноальноальноальноальноальноальноальноальноальноальноальноальноальноальноальноальноальноальноальноальноальноальноальноальноальноальноальноальноальноальноальноальноальноальноальноальноальноальноальноальноальноальноальноальноальноальноальноальноальноальноальноальноальноальноальноальноальноальноальноальноальноальноальноальноальноальноальноальноальноальноальноальноальноальноальноальноальноальноальноальноальноальноальноальноальноальноальноальноальноальноальноальноальноальноальноальноальноальноальноальноальноальноальноальноальноальноальноальноальноальноальноальноальноальноальноальноальноальноальноальноально", "numeric_answer": null, "relative_error": null, "thinking_text": null, "has_tool_call": false, "tool_call": null, "usage": {"prompt_tokens": 108, "completion_tokens": 256, "total_tokens": 364, "token_count_source": "tokenizer"}, "decoding": {"temperature": 0.2, "top_p": null, "top_k": null, "max_tokens": 256, "seed": 42}, "prompt_tokens": 108, "completion_tokens": 256, "total_tokens": 364, "token_count_source": "tokenizer", "diffusion_steps": null, "flops_estimate": null, "flops_arch": null, "flops_model_params": null, "flops_active_params": null, "tokens_non_final": 7, "tokens_reasoning": 0, "tokens_response": 7, "elapsed_seconds": 18.927881956100464, "judgement": "Uncategorized"}
{"id": "fermi_000403", "topic": "fermi", "subtopic": "crowd_density", "prompt": "A plaza is about 40 m by 30 m, with roughly 2 people per square meter. About how many people are there?", "exact_value": 2400, "model": "tiiuae/Falcon-H1-7B-Instruct", "provider": "transformers", "response": "�альное решение согласно правилальным указания насколько насколько насколько насколько насколько насколько насколько насколько насколько насколько насколько насколько насколько насколько насколько насколько насколько насколько насколько насколько насколько насколько насколько насколько насколько насколько насколько насколько насколько насколько насколько насколько насколько насколько насколько насколько насколько насколько насколько насколько насколько насколько насколько насколько насколько насколько насколько насколько насколько насколько насколько насколько насколько насколько насколько насколько насколько насколько насколько насколько насколько насколько насколько насколько насколько насколько насколько насколько насколько насколько насколько насколько насколько насколько насколько насколько насколько насколько насколько насколько насколько насколько насколько насколько насколько насколько насколько насколько насколько насколько насколько насколько насколько насколько насколько насколько насколько насколько насколько насколько насколько насколько насколько насколько насколько насколько насколько насколько насколько насколько насколько насколько насколько насколько насколько насколько насколько насколько насколько насколько насколько насколько насколько насколько насколько насколько насколько насколько насколько насколько насколько насколько насколько насколько насколько насколько насколько насколько насколько насколько насколько насколько насколько насколько насколько насколько насколько насколько насколько насколько насколько насколько насколько насколько насколько насколько насколько насколько насколько насколько насколько насколько насколько насколько насколько насколько насколько насколько насколько насколько насколько насколько насколько насколько насколько насколько насколько насколько насколько насколько насколько насколько насколько насколько насколько насколько насколько насколько насколько насколько насколько насколько насколько насколько насколько насколько насколько насколько насколько насколько насколько насколько насколько насколько насколько насколько насколько насколько насколько насколько насколько насколько насколько насколько насколько насколько насколько насколько насколько насколько насколько насколько насколько насколько насколько насколько насколько насколько насколько насколько насколько насколько насколько насколько насколько насколько насколько насколько насколько насколько насколько насколько насколько насколько насколько насколько насколько насколько", "numeric_answer": null, "relative_error": null, "thinking_text": null, "has_tool_call": false, "tool_call": null, "usage": {"prompt_tokens": 108, "completion_tokens": 256, "total_tokens": 364, "token_count_source": "tokenizer"}, "decoding": {"temperature": 0.2, "top_p": null, "top_k": null, "max_tokens": 256, "seed": 42}, "prompt_tokens": 108, "completion_tokens": 256, "total_tokens": 364, "token_count_source": "tokenizer", "diffusion_steps": null, "flops_estimate": null, "flops_arch": null, "flops_model_params": null, "flops_active_params": null, "tokens_non_final": 253, "tokens_reasoning": 0, "tokens_response": 253, "elapsed_seconds": 19.33215045928955, "judgement": "Uncategorized"}
{"id": "fermi_000423", "topic": "fermi", "subtopic": "crowd_density", "prompt": "A plaza is about 70 m by 20 m, with roughly 1 people per square meter. About how many people are there?", "exact_value": 1400, "model": "tiiuae/Falcon-H1-7B-Instruct", "provider": "transformers", "response": "�альное решение согласно правилальным указания насколько насколько насколько насколько насколько насколько насколько насколько насколько насколько насколько насколько насколько насколько насколько насколько насколько насколько насколько насколько насколько насколько насколько насколько насколько насколько насколько насколько насколько насколько насколько насколько насколько насколько насколько насколько насколько насколько насколько насколько насколько насколько насколько насколько насколько насколько насколько насколько насколько насколько насколько насколько насколько насколько насколько насколько насколько насколько насколько насколько насколько насколько насколько насколько насколько насколько насколько насколько насколько насколько насколько насколько насколько насколько насколько насколько насколько насколько насколько насколько насколько насколько насколько насколько насколько насколько насколько насколько насколько насколько насколько насколько насколько насколько насколько насколько насколько насколько насколько насколько насколько насколько насколько насколько насколько насколько насколько насколько насколько насколько насколько насколько насколько насколько насколько насколько насколько насколько насколько насколько насколько насколько насколько насколько насколько насколько насколько насколько насколько насколько насколько насколько насколько насколько насколько насколько насколько насколько насколько насколько насколько насколько насколько насколько насколько насколько насколько насколько насколько насколько насколько насколько насколько насколько насколько насколько насколько насколько насколько насколько насколько насколько насколько насколько насколько насколько насколько насколько насколько насколько насколько насколько насколько насколько насколько насколько насколько насколько насколько насколько насколько насколько насколько насколько насколько насколько насколько насколько насколько насколько насколько насколько насколько насколько насколько насколько насколько насколько насколько насколько насколько насколько насколько насколько насколько насколько насколько насколько насколько насколько насколько насколько насколько насколько насколько насколько насколько насколько насколько насколько насколько насколько насколько насколько насколько насколько насколько насколько насколько насколько насколько насколько насколько насколько насколько насколько насколько насколько насколько насколько насколько насколько насколько насколько насколько насколько насколько насколько", "numeric_answer": null, "relative_error": null, "thinking_text": null, "has_tool_call": false, "tool_call": null, "usage": {"prompt_tokens": 108, "completion_tokens": 256, "total_tokens": 364, "token_count_source": "tokenizer"}, "decoding": {"temperature": 0.2, "top_p": null, "top_k": null, "max_tokens": 256, "seed": 42}, "prompt_tokens": 108, "completion_tokens": 256, "total_tokens": 364, "token_count_source": "tokenizer", "diffusion_steps": null, "flops_estimate": null, "flops_arch": null, "flops_model_params": null, "flops_active_params": null, "tokens_non_final": 253, "tokens_reasoning": 0, "tokens_response": 253, "elapsed_seconds": 19.318061113357544, "judgement": "Uncategorized"}
{"id": "fermi_000443", "topic": "fermi", "subtopic": "crowd_density", "prompt": "A plaza is about 30 m by 30 m, with roughly 4 people per square meter. About how many people are there?", "exact_value": 3600, "model": "tiiuae/Falcon-H1-7B-Instruct", "provider": "transformers", "response": "�альное решение согласно правилальным указаниямирует насколько насколько насколько насколько насколько насколько насколько насколько насколько насколько насколько насколько насколько насколько насколько насколько насколько насколько насколько насколько насколько насколько насколько насколько насколько насколько насколько насколько насколько насколько насколько насколько насколько насколько насколько насколько насколько насколько насколько насколько насколько насколько насколько насколько насколько насколько насколько насколько насколько насколько насколько насколько насколько насколько насколько насколько насколько насколько насколько насколько насколько насколько насколько насколько насколько насколько насколько насколько насколько насколько насколько насколько насколько насколько насколько насколько насколько насколько насколько насколько насколько насколько насколько насколько насколько насколько насколько насколько насколько насколько насколько насколько насколько насколько насколько насколько насколько насколько насколько насколько насколько насколько насколько насколько насколько насколько насколько насколько насколько насколько насколько насколько насколько насколько насколько насколько насколько насколько насколько насколько насколько насколько насколько насколько насколько насколько насколько насколько насколько насколько насколько насколько насколько насколько насколько насколько насколько насколько насколько насколько насколько насколько насколько насколько насколько насколько насколько насколько насколько насколько насколько насколько насколько насколько насколько насколько насколько насколько насколько насколько насколько насколько насколько насколько насколько насколько насколько насколько насколько насколько насколько насколько насколько насколько насколько насколько насколько насколько насколько насколько насколько насколько насколько насколько насколько насколько насколько насколько насколько насколько насколько насколько насколько насколько насколько насколько насколько насколько насколько насколько насколько насколько насколько насколько насколько насколько насколько насколько насколько насколько насколько насколько насколько насколько насколько насколько насколько насколько насколько насколько насколько насколько насколько насколько насколько насколько насколько насколько насколько насколько насколько насколько насколько насколько насколько насколько насколько насколько насколько насколько насколько насколько насколько насколько насколько насколько", "numeric_answer": null, "relative_error": null, "thinking_text": null, "has_tool_call": false, "tool_call": null, "usage": {"prompt_tokens": 108, "completion_tokens": 256, "total_tokens": 364, "token_count_source": "tokenizer"}, "decoding": {"temperature": 0.2, "top_p": null, "top_k": null, "max_tokens": 256, "seed": 42}, "prompt_tokens": 108, "completion_tokens": 256, "total_tokens": 364, "token_count_source": "tokenizer", "diffusion_steps": null, "flops_estimate": null, "flops_arch": null, "flops_model_params": null, "flops_active_params": null, "tokens_non_final": 251, "tokens_reasoning": 0, "tokens_response": 251, "elapsed_seconds": 19.212053298950195, "judgement": "Uncategorized"}
{"id": "fermi_000463", "topic": "fermi", "subtopic": "crowd_density", "prompt": "A plaza is about 60 m by 25 m, with roughly 3 people per square meter. About how many people are there?", "exact_value": 4500, "model": "tiiuae/Falcon-H1-7B-Instruct", "provider": "transformers", "response": "�альное решение согласно заданным правилальным путем согласно заданию насколько возможно точно насколько возможно насколько возможно насколько возможно насколько насколько насколько насколько насколько насколько насколько насколько насколько насколько насколько насколько насколько насколько насколько насколько насколько насколько насколько насколько насколько насколько насколько насколько насколько насколько насколько насколько насколько насколько насколько насколько насколько насколько насколько насколько насколько насколько насколько насколько насколько насколько насколько насколько насколько насколько насколько насколько насколько насколько насколько насколько насколько насколько насколько насколько насколько насколько насколько насколько насколько насколько насколько насколько насколько насколько насколько насколько насколько насколько насколько насколько насколько насколько насколько насколько насколько насколько насколько насколько насколько насколько насколько насколько насколько насколько насколько насколько насколько насколько насколько насколько насколько насколько насколько насколько насколько насколько насколько насколько насколько насколько насколько насколько насколько насколько насколько насколько насколько насколько насколько насколько насколько насколько насколько насколько насколько насколько насколько насколько насколько насколько насколько насколько насколько насколько насколько насколько насколько насколько насколько насколько насколько насколько насколько насколько насколько насколько насколько насколько насколько насколько насколько насколько насколько насколько насколько насколько насколько насколько насколько насколько насколько насколько насколько насколько насколько насколько насколько насколько насколько насколько насколько насколько насколько насколько насколько насколько насколько насколько насколько насколько насколько насколько насколько насколько насколько насколько насколько насколько насколько насколько насколько насколько насколько насколько насколько насколько насколько насколько насколько насколько насколько насколько насколько насколько насколько насколько насколько насколько насколько насколько насколько насколько насколько насколько насколько насколько насколько насколько насколько насколько насколько насколько насколько насколько насколько насколько насколько насколько насколько насколько насколько насколько насколько насколько насколько насколько насколько насколько насколько насколько насколько насколько насколько", "numeric_answer": null, "relative_error": null, "thinking_text": null, "has_tool_call": false, "tool_call": null, "usage": {"prompt_tokens": 108, "completion_tokens": 256, "total_tokens": 364, "token_count_source": "tokenizer"}, "decoding": {"temperature": 0.2, "top_p": null, "top_k": null, "max_tokens": 256, "seed": 42}, "prompt_tokens": 108, "completion_tokens": 256, "total_tokens": 364, "token_count_source": "tokenizer", "diffusion_steps": null, "flops_estimate": null, "flops_arch": null, "flops_model_params": null, "flops_active_params": null, "tokens_non_final": 252, "tokens_reasoning": 0, "tokens_response": 252, "elapsed_seconds": 19.62525177001953, "judgement": "Uncategorized"}
{"id": "fermi_000483", "topic": "fermi", "subtopic": "crowd_density", "prompt": "A plaza is about 70 m by 30 m, with roughly 2 people per square meter. About how many people are there?", "exact_value": 4200, "model": "tiiuae/Falcon-H1-7B-Instruct", "provider": "transformers", "response": "�альное решение согласно правилальным указания насколько насколько насколько насколько насколько насколько насколько насколько насколько насколько насколько насколько насколько насколько насколько насколько насколько насколько насколько насколько насколько насколько насколько насколько насколько насколько насколько насколько насколько насколько насколько насколько насколько насколько насколько насколько насколько насколько насколько насколько насколько насколько насколько насколько насколько насколько насколько насколько насколько насколько насколько насколько насколько насколько насколько насколько насколько насколько насколько насколько насколько насколько насколько насколько насколько насколько насколько насколько насколько насколько насколько насколько насколько насколько насколько насколько насколько насколько насколько насколько насколько насколько насколько насколько насколько насколько насколько насколько насколько насколько насколько насколько насколько насколько насколько насколько насколько насколько насколько насколько насколько насколько насколько насколько насколько насколько насколько насколько насколько насколько насколько насколько насколько насколько насколько насколько насколько насколько насколько насколько насколько насколько насколько насколько насколько насколько насколько насколько насколько насколько насколько насколько насколько насколько насколько насколько насколько насколько насколько насколько насколько насколько насколько насколько насколько насколько насколько насколько насколько насколько насколько насколько насколько насколько насколько насколько насколько насколько насколько насколько насколько насколько насколько насколько насколько насколько насколько насколько насколько насколько насколько насколько насколько насколько насколько насколько насколько насколько насколько насколько насколько насколько насколько насколько насколько насколько насколько насколько насколько насколько насколько насколько насколько насколько насколько насколько насколько насколько насколько насколько насколько насколько насколько насколько насколько насколько насколько насколько насколько насколько насколько насколько насколько насколько насколько насколько насколько насколько насколько насколько насколько насколько насколько насколько насколько насколько насколько насколько насколько насколько насколько насколько насколько насколько насколько насколько насколько насколько насколько насколько насколько насколько насколько насколько насколько насколько насколько насколько", "numeric_answer": null, "relative_error": null, "thinking_text": null, "has_tool_call": false, "tool_call": null, "usage": {"prompt_tokens": 108, "completion_tokens": 256, "total_tokens": 364, "token_count_source": "tokenizer"}, "decoding": {"temperature": 0.2, "top_p": null, "top_k": null, "max_tokens": 256, "seed": 42}, "prompt_tokens": 108, "completion_tokens": 256, "total_tokens": 364, "token_count_source": "tokenizer", "diffusion_steps": null, "flops_estimate": null, "flops_arch": null, "flops_model_params": null, "flops_active_params": null, "tokens_non_final": 253, "tokens_reasoning": 0, "tokens_response": 253, "elapsed_seconds": 18.702840328216553, "judgement": "Uncategorized"}
{"id": "fermi_000503", "topic": "fermi", "subtopic": "crowd_density", "prompt": "A plaza is about 40 m by 25 m, with roughly 4 people per square meter. About how many people are there?", "exact_value": 4000, "model": "tiiuae/Falcon-H1-7B-Instruct", "provider": "transformers", "response": "�альное решение согласно правилальным указания насколько насколько насколько насколько насколько насколько насколько насколько насколько насколько насколько насколько насколько насколько насколько насколько насколько насколько насколько насколько насколько насколько насколько насколько насколько насколько насколько насколько насколько насколько насколько насколько насколько насколько насколько насколько насколько насколько насколько насколько насколько насколько насколько насколько насколько насколько насколько насколько насколько насколько насколько насколько насколько насколько насколько насколько насколько насколько насколько насколько насколько насколько насколько насколько насколько насколько насколько насколько насколько насколько насколько насколько насколько насколько насколько насколько насколько насколько насколько насколько насколько насколько насколько насколько насколько насколько насколько насколько насколько насколько насколько насколько насколько насколько насколько насколько насколько насколько насколько насколько насколько насколько насколько насколько насколько насколько насколько насколько насколько насколько насколько насколько насколько насколько насколько насколько насколько насколько насколько насколько насколько насколько насколько насколько насколько насколько насколько насколько насколько насколько насколько насколько насколько насколько насколько насколько насколько насколько насколько насколько насколько насколько насколько насколько насколько насколько насколько насколько насколько насколько насколько насколько насколько насколько насколько насколько насколько насколько насколько насколько насколько насколько насколько насколько насколько насколько насколько насколько насколько насколько насколько насколько насколько насколько насколько насколько насколько насколько насколько насколько насколько насколько насколько насколько насколько насколько насколько насколько насколько насколько насколько насколько насколько насколько насколько насколько насколько насколько насколько насколько насколько насколько насколько насколько насколько насколько насколько насколько насколько насколько насколько насколько насколько насколько насколько насколько насколько насколько насколько насколько насколько насколько насколько насколько насколько насколько насколько насколько насколько насколько насколько насколько насколько насколько насколько насколько насколько насколько насколько насколько насколько насколько насколько насколько насколько насколько насколько насколько", "numeric_answer": null, "relative_error": null, "thinking_text": null, "has_tool_call": false, "tool_call": null, "usage": {"prompt_tokens": 108, "completion_tokens": 256, "total_tokens": 364, "token_count_source": "tokenizer"}, "decoding": {"temperature": 0.2, "top_p": null, "top_k": null, "max_tokens": 256, "seed": 42}, "prompt_tokens": 108, "completion_tokens": 256, "total_tokens": 364, "token_count_source": "tokenizer", "diffusion_steps": null, "flops_estimate": null, "flops_arch": null, "flops_model_params": null, "flops_active_params": null, "tokens_non_final": 253, "tokens_reasoning": 0, "tokens_response": 253, "elapsed_seconds": 19.967453956604004, "judgement": "Uncategorized"}
{"id": "fermi_000523", "topic": "fermi", "subtopic": "crowd_density", "prompt": "A plaza is about 50 m by 35 m, with roughly 4 people per square meter. About how many people are there?", "exact_value": 7000, "model": "tiiuae/Falcon-H1-7B-Instruct", "provider": "transformers", "response": "�альное ответ согласно правилальным указанияальным ответ согласно правилальным указанияальным ответ согласно правилальным указанияальным ответ согласно правилальным kompensierenируяальное ответ согласно правилальным kompensierenируяальное kompensierenируяальное kompensierenируяальное kompensierenируяальное kompensierenируяальное kompensierenируяальное kompensierenируяальное kompensierenируяальное kompensierenируяальное kompensierenируяальное kompensierenируяальное kompensierenируяальное kompensierenируяальное kompensierenируяальное kompensierenируяальное kompensierenируяальное kompensierenируяальное kompensierenируяальное kompensierenируяальное kompensierenируяальное kompensierenируяальное kompensierenируяальное kompensierenируяальное kompensierenируяальное kompensierenируяальное kompensierenируяальное kompensierenируяальное kompensierenируяальное kompensierenируяальное kompensierenируяальное kompensierenируяальное kompensierenируяальное kompensierenируяальное kompensierenируяальное kompensierenируяальное kompensierenируяальное kompensierenируяальное kompensierenируяальное kompensierenируяальное kompensierenируяальное kompensierenируяальное kompensierenируяальное kompensierenируяальное kompensierenируяальное kompensierenируяальное kompensierenируяальное kompensierenируяальное kompensierenируяальное kompensierenируяальное kompensierenируяальное kompensierenируяальное kompensierenируяальное kompensierenируяальное kompensierenируяальное kompensierenируяальное kompens", "numeric_answer": null, "relative_error": null, "thinking_text": null, "has_tool_call": false, "tool_call": null, "usage": {"prompt_tokens": 108, "completion_tokens": 256, "total_tokens": 364, "token_count_source": "tokenizer"}, "decoding": {"temperature": 0.2, "top_p": null, "top_k": null, "max_tokens": 256, "seed": 42}, "prompt_tokens": 108, "completion_tokens": 256, "total_tokens": 364, "token_count_source": "tokenizer", "diffusion_steps": null, "flops_estimate": null, "flops_arch": null, "flops_model_params": null, "flops_active_params": null, "tokens_non_final": 76, "tokens_reasoning": 0, "tokens_response": 76, "elapsed_seconds": 18.41209125518799, "judgement": "Uncategorized"}
{"id": "fermi_000543", "topic": "fermi", "subtopic": "crowd_density", "prompt": "A plaza is about 40 m by 35 m, with roughly 2 people per square meter. About how many people are there?", "exact_value": 2800, "model": "tiiuae/Falcon-H1-7B-Instruct", "provider": "transformers", "response": "�альное решение согласно правилальным указаниям насколько возможно точно согласно предоставленной информации насколько возможно насколько возможно насколько возможно насколько возможно насколько возможно насколько возможно насколько возможно насколько возможно насколько возможно насколько возможно насколько возможно насколько возможно насколько возможно насколько возможно насколько возможно насколько возможно насколько возможно насколько возможно насколько возможно насколько возможно насколько возможно насколько возможно насколько возможно насколько возможно насколько возможно насколько возможно насколько возможно насколько возможно насколько возможно насколько возможно насколько возможно насколько возможно насколько возможно насколько возможно насколько возможно насколько возможно насколько возможно насколько возможно насколько возможно насколько возможно насколько возможно насколько возможно насколько возможно насколько возможно насколько возможно насколько возможно насколько возможно насколько возможно насколько возможно насколько возможно насколько возможно насколько возможно насколько возможно насколько возможно насколько возможно насколько возможно насколько возможно насколько возможно насколько возможно насколько возможно насколько возможно насколько возможно насколько возможно насколько возможно насколько возможно насколько возможно насколько возможно насколько возможно насколько возможно насколько возможно насколько возможно насколько возможно насколько возможно насколько возможно насколько возможно насколько возможно насколько возможно насколько возможно насколько возможно насколько возможно насколько возможно насколько возможно насколько возможно насколько возможно насколько возможно насколько возможно насколько возможно насколько возможно насколько возможно насколько возможно насколько возможно насколько возможно насколько возможно насколько возможно насколько возможно насколько возможно насколько возможно насколько возможно насколько возможно насколько возможно насколько возможно насколько возможно насколько возможно насколько возможно насколько возможно насколько возможно насколько возможно насколько возможно насколько возможно насколько возможно насколько возможно насколько возможно насколько возможно насколько возможно насколько возможно насколько возможно насколько возможно насколько возможно насколько возможно насколько возможно", "numeric_answer": null, "relative_error": null, "thinking_text": null, "has_tool_call": false, "tool_call": null, "usage": {"prompt_tokens": 108, "completion_tokens": 256, "total_tokens": 364, "token_count_source": "tokenizer"}, "decoding": {"temperature": 0.2, "top_p": null, "top_k": null, "max_tokens": 256, "seed": 42}, "prompt_tokens": 108, "completion_tokens": 256, "total_tokens": 364, "token_count_source": "tokenizer", "diffusion_steps": null, "flops_estimate": null, "flops_arch": null, "flops_model_params": null, "flops_active_params": null, "tokens_non_final": 251, "tokens_reasoning": 0, "tokens_response": 251, "elapsed_seconds": 18.699744939804077, "judgement": "Uncategorized"}
{"id": "fermi_000563", "topic": "fermi", "subtopic": "crowd_density", "prompt": "A plaza is about 30 m by 30 m, with roughly 3 people per square meter. About how many people are there?", "exact_value": 2700, "model": "tiiuae/Falcon-H1-7B-Instruct", "provider": "transformers", "response": "�альное решение согласно правилам согласно предоставленной информацииировано насколько возможно точно насколько возможно согласно предоставленной информации насколько возможно согласно предоставленной информации насколько насколько насколько насколько насколько насколько насколько насколько насколько насколько насколько насколько насколько насколько насколько насколько насколько насколько насколько насколько насколько насколько насколько насколько насколько насколько насколько насколько насколько насколько насколько насколько насколько насколько насколько насколько насколько насколько насколько насколько насколько насколько насколько насколько насколько насколько насколько насколько насколько насколько насколько насколько насколько насколько насколько насколько насколько насколько насколько насколько насколько насколько насколько насколько насколько насколько насколько насколько насколько насколько насколько насколько насколько насколько насколько насколько насколько насколько насколько насколько насколько насколько насколько насколько насколько насколько насколько насколько насколько насколько насколько насколько насколько насколько насколько насколько насколько насколько насколько насколько насколько насколько насколько насколько насколько насколько насколько насколько насколько насколько насколько насколько насколько насколько насколько насколько насколько насколько насколько насколько насколько насколько насколько насколько насколько насколько насколько насколько насколько насколько насколько насколько насколько насколько насколько насколько насколько насколько насколько насколько насколько насколько насколько насколько насколько насколько насколько насколько насколько насколько насколько насколько насколько насколько насколько насколько насколько насколько насколько насколько насколько насколько насколько насколько насколько насколько насколько насколько насколько насколько насколько насколько насколько насколько насколько насколько насколько насколько насколько насколько насколько насколько насколько насколько насколько насколько насколько насколько насколько насколько насколько насколько насколько насколько насколько насколько насколько насколько насколько насколько насколько насколько насколько насколько насколько насколько насколько насколько насколько насколько насколько насколько насколько насколько насколько насколько насколько насколько насколько насколько насколько насколько насколько насколько насколько насколько насколько насколько насколько насколько", "numeric_answer": null, "relative_error": null, "thinking_text": null, "has_tool_call": false, "tool_call": null, "usage": {"prompt_tokens": 108, "completion_tokens": 256, "total_tokens": 364, "token_count_source": "tokenizer"}, "decoding": {"temperature": 0.2, "top_p": null, "top_k": null, "max_tokens": 256, "seed": 42}, "prompt_tokens": 108, "completion_tokens": 256, "total_tokens": 364, "token_count_source": "tokenizer", "diffusion_steps": null, "flops_estimate": null, "flops_arch": null, "flops_model_params": null, "flops_active_params": null, "tokens_non_final": 250, "tokens_reasoning": 0, "tokens_response": 250, "elapsed_seconds": 19.73433566093445, "judgement": "Uncategorized"}
{"id": "fermi_000583", "topic": "fermi", "subtopic": "crowd_density", "prompt": "A plaza is about 60 m by 25 m, with roughly 4 people per square meter. About how many people are there?", "exact_value": 6000, "model": "tiiuae/Falcon-H1-7B-Instruct", "provider": "transformers", "response": "�альное решение согласно предоставленной информацииируется путем вычисления площади и последующего умножения на плотность населения согласно условию задачи насколько возможно точно согласно предоставленной информации насколько возможно точно согласно предоставленной информации насколько возможноально согласно предоставленной информации насколько возможноально согласно предоставированной информации насколько возможноально согласно согласно согласно согласно согласно согласно согласно согласно согласно согласно согласно согласно согласно согласно согласно согласно согласно согласно согласно согласно согласно согласно согласно согласно согласно согласно согласно согласно согласно согласно согласно согласно согласно согласно согласно согласно согласно согласно согласно согласно согласно согласно согласно согласно согласно согласно согласно согласно согласно согласно согласно согласно согласно согласно согласно согласно согласно согласно согласно согласно согласно согласно согласно согласно согласно согласно согласно согласно согласно согласно согласно согласно согласно согласно согласно согласно согласно согласно согласно согласно согласно согласно согласно согласно согласно согласно согласно согласно согласно согласно согласно согласно согласно согласно согласно согласно согласно согласно согласно согласно согласно согласно согласно согласно согласно согласно согласно согласно согласно согласно согласно согласно согласно согласно согласно согласно согласно согласно согласно согласно согласно согласно согласно согласно согласно согласно согласно согласно согласно согласно согласно согласно согласно согласно согласно согласно согласно согласно согласно согласно согласно согласно согласно согласно согласно согласно согласно согласно согласно согласно согласно согласно согласно согласно согласно согласно согласно согласно согласно согласно согласно согласно согласно согласно согласно согласно согласно согласно согласно согласно согласно согласно согласно согласно согласно согласно согласно согласно согласно согласно согласно согласно согласно согласно согласно согласно согласно согласно согласно согласно согласно согласно согласно согласно согласно согласно", "numeric_answer": null, "relative_error": null, "thinking_text": null, "has_tool_call": false, "tool_call": null, "usage": {"prompt_tokens": 108, "completion_tokens": 256, "total_tokens": 364, "token_count_source": "tokenizer"}, "decoding": {"temperature": 0.2, "top_p": null, "top_k": null, "max_tokens": 256, "seed": 42}, "prompt_tokens": 108, "completion_tokens": 256, "total_tokens": 364, "token_count_source": "tokenizer", "diffusion_steps": null, "flops_estimate": null, "flops_arch": null, "flops_model_params": null, "flops_active_params": null, "tokens_non_final": 237, "tokens_reasoning": 0, "tokens_response": 237, "elapsed_seconds": 19.285176753997803, "judgement": "Uncategorized"}
{"id": "fermi_000603", "topic": "fermi", "subtopic": "crowd_density", "prompt": "A plaza is about 70 m by 25 m, with roughly 3 people per square meter. About how many people are there?", "exact_value": 5250, "model": "tiiuae/Falcon-H1-7B-Instruct", "provider": "transformers", "response": "�альное ответ согласно правилальным указанияальным ответ согласно правилальным указанияальным ответ согласно правилальным указанияальным ответ согласно правилальным указанияальным ответ согласно правилальным согласно правилальным согласно согласно согласно согласно согласно согласно согласно согласно согласно согласно согласно согласно согласно согласно согласно согласно согласно согласно согласно согласно согласно согласно согласно согласно согласно согласно согласно согласно согласно согласно согласно согласно согласно согласно согласно согласно согласно согласно согласно согласно согласно согласно согласно согласно согласно согласно согласно согласно согласно согласно согласно согласно согласно согласно согласно согласно согласно согласно согласно согласно согласно согласно согласно согласно согласно согласно согласно согласно согласно согласно согласно согласно согласно согласно согласно согласно согласно согласно согласно согласно согласно согласно согласно согласно согласно согласно согласно согласно согласно согласно согласно согласно согласно согласно согласно согласно согласно согласно согласно согласно согласно согласно согласно согласно согласно согласно согласно согласно согласно согласно согласно согласно согласно согласно согласно согласно согласно согласно согласно согласно согласно согласно согласно согласно согласно согласно согласно согласно согласно согласно согласно согласно согласно согласно согласно согласно согласно согласно согласно согласно согласно согласно согласно согласно согласно согласно согласно согласно согласно согласно согласно согласно согласно согласно согласно согласно согласно согласно согласно согласно согласно согласно согласно согласно согласно согласно согласно согласно согласно согласно согласно согласно согласно согласно согласно согласно согласно согласно согласно согласно согласно согласно согласно согласно согласно согласно согласно согласно согласно согласно согласно согласно согласно согласно согласно согласно согласно согласно согласно согласно согласно согласно согласно согласно согласно согласно согласно согласно согласно согласно согласно согласно согласно согласно согласно согласно согласно согласно согласно", "numeric_answer": null, "relative_error": null, "thinking_text": null, "has_tool_call": false, "tool_call": null, "usage": {"prompt_tokens": 108, "completion_tokens": 256, "total_tokens": 364, "token_count_source": "tokenizer"}, "decoding": {"temperature": 0.2, "top_p": null, "top_k": null, "max_tokens": 256, "seed": 42}, "prompt_tokens": 108, "completion_tokens": 256, "total_tokens": 364, "token_count_source": "tokenizer", "diffusion_steps": null, "flops_estimate": null, "flops_arch": null, "flops_model_params": null, "flops_active_params": null, "tokens_non_final": 241, "tokens_reasoning": 0, "tokens_response": 241, "elapsed_seconds": 19.683403730392456, "judgement": "Uncategorized"}
{"id": "fermi_000623", "topic": "fermi", "subtopic": "crowd_density", "prompt": "A plaza is about 70 m by 35 m, with roughly 3 people per square meter. About how many people are there?", "exact_value": 7350, "model": "tiiuae/Falcon-H1-7B-Instruct", "provider": "transformers", "response": "�альное решение согласно правилальным указанияàrösenироватьсяирует насколько насколько насколько насколько насколько насколько насколько насколько насколько насколько насколько насколько насколько насколько насколько насколько насколько насколько насколько насколько насколько насколько насколько насколько насколько насколько насколько насколько насколько насколько насколько насколько насколько насколько насколько насколько насколько насколько насколько насколько насколько насколько насколько насколько насколько насколько насколько насколько насколько насколько насколько насколько насколько насколько насколько насколько насколько насколько насколько насколько насколько насколько насколько насколько насколько насколько насколько насколько насколько насколько насколько насколько насколько насколько насколько насколько насколько насколько насколько насколько насколько насколько насколько насколько насколько насколько насколько насколько насколько насколько насколько насколько насколько насколько насколько насколько насколько насколько насколько насколько насколько насколько насколько насколько насколько насколько насколько насколько насколько насколько насколько насколько насколько насколько насколько насколько насколько насколько насколько насколько насколько насколько насколько насколько насколько насколько насколько насколько насколько насколько насколько насколько насколько насколько насколько насколько насколько насколько насколько насколько насколько насколько насколько насколько насколько насколько насколько насколько насколько насколько насколько насколько насколько насколько насколько насколько насколько насколько насколько насколько насколько насколько насколько насколько насколько насколько насколько насколько насколько насколько насколько насколько насколько насколько насколько насколько насколько насколько насколько насколько насколько насколько насколько насколько насколько насколько насколько насколько насколько насколько насколько насколько насколько насколько насколько насколько насколько насколько насколько насколько насколько насколько насколько насколько насколько насколько насколько насколько насколько насколько насколько насколько насколько насколько насколько насколько насколько насколько насколько насколько насколько насколько насколько насколько насколько насколько насколько насколько насколько насколько насколько насколько насколько насколько насколько насколько насколько насколько насколько насколько насколько насколько насколько насколько", "numeric_answer": null, "relative_error": null, "thinking_text": null, "has_tool_call": false, "tool_call": null, "usage": {"prompt_tokens": 108, "completion_tokens": 256, "total_tokens": 364, "token_count_source": "tokenizer"}, "decoding": {"temperature": 0.2, "top_p": null, "top_k": null, "max_tokens": 256, "seed": 42}, "prompt_tokens": 108, "completion_tokens": 256, "total_tokens": 364, "token_count_source": "tokenizer", "diffusion_steps": null, "flops_estimate": null, "flops_arch": null, "flops_model_params": null, "flops_active_params": null, "tokens_non_final": 249, "tokens_reasoning": 0, "tokens_response": 249, "elapsed_seconds": 19.321834087371826, "judgement": "Uncategorized"}
{"id": "fermi_000643", "topic": "fermi", "subtopic": "crowd_density", "prompt": "A plaza is about 30 m by 25 m, with roughly 4 people per square meter. About how many people are there?", "exact_value": 3000, "model": "tiiuae/Falcon-H1-7B-Instruct", "provider": "transformers", "response": "�альное решение согласно заданным правилальным решение согласно заданным правиламирует насколько точно насколько точно насколько насколько насколько насколько насколько насколько насколько насколько насколько насколько насколько насколько насколько насколько насколько насколько насколько насколько насколько насколько насколько насколько насколько насколько насколько насколько насколько насколько насколько насколько насколько насколько насколько насколько насколько насколько насколько насколько насколько насколько насколько насколько насколько насколько насколько насколько насколько насколько насколько насколько насколько насколько насколько насколько насколько насколько насколько насколько насколько насколько насколько насколько насколько насколько насколько насколько насколько насколько насколько насколько насколько насколько насколько насколько насколько насколько насколько насколько насколько насколько насколько насколько насколько насколько насколько насколько насколько насколько насколько насколько насколько насколько насколько насколько насколько насколько насколько насколько насколько насколько насколько насколько насколько насколько насколько насколько насколько насколько насколько насколько насколько насколько насколько насколько насколько насколько насколько насколько насколько насколько насколько насколько насколько насколько насколько насколько насколько насколько насколько насколько насколько насколько насколько насколько насколько насколько насколько насколько насколько насколько насколько насколько насколько насколько насколько насколько насколько насколько насколько насколько насколько насколько насколько насколько насколько насколько насколько насколько насколько насколько насколько насколько насколько насколько насколько насколько насколько насколько насколько насколько насколько насколько насколько насколько насколько насколько насколько насколько насколько насколько насколько насколько насколько насколько насколько насколько насколько насколько насколько насколько насколько насколько насколько насколько насколько насколько насколько насколько насколько насколько насколько насколько насколько насколько насколько насколько насколько насколько насколько насколько насколько насколько насколько насколько насколько насколько насколько насколько насколько насколько насколько насколько насколько насколько насколько насколько насколько насколько насколько насколько насколько насколько насколько насколько насколько насколько насколько", "numeric_answer": null, "relative_error": null, "thinking_text": null, "has_tool_call": false, "tool_call": null, "usage": {"prompt_tokens": 108, "completion_tokens": 256, "total_tokens": 364, "token_count_source": "tokenizer"}, "decoding": {"temperature": 0.2, "top_p": null, "top_k": null, "max_tokens": 256, "seed": 42}, "prompt_tokens": 108, "completion_tokens": 256, "total_tokens": 364, "token_count_source": "tokenizer", "diffusion_steps": null, "flops_estimate": null, "flops_arch": null, "flops_model_params": null, "flops_active_params": null, "tokens_non_final": 250, "tokens_reasoning": 0, "tokens_response": 250, "elapsed_seconds": 18.99649667739868, "judgement": "Uncategorized"}
{"id": "fermi_000663", "topic": "fermi", "subtopic": "crowd_density", "prompt": "A plaza is about 30 m by 25 m, with roughly 2 people per square meter. About how many people are there?", "exact_value": 1500, "model": "tiiuae/Falcon-H1-7B-Instruct", "provider": "transformers", "response": "�альное решение согласно правилальным указания насколько насколько насколько насколько насколько насколько насколько насколько насколько насколько насколько насколько насколько насколько насколько насколько насколько насколько насколько насколько насколько насколько насколько насколько насколько насколько насколько насколько насколько насколько насколько насколько насколько насколько насколько насколько насколько насколько насколько насколько насколько насколько насколько насколько насколько насколько насколько насколько насколько насколько насколько насколько насколько насколько насколько насколько насколько насколько насколько насколько насколько насколько насколько насколько насколько насколько насколько насколько насколько насколько насколько насколько насколько насколько насколько насколько насколько насколько насколько насколько насколько насколько насколько насколько насколько насколько насколько насколько насколько насколько насколько насколько насколько насколько насколько насколько насколько насколько насколько насколько насколько насколько насколько насколько насколько насколько насколько насколько насколько насколько насколько насколько насколько насколько насколько насколько насколько насколько насколько насколько насколько насколько насколько насколько насколько насколько насколько насколько насколько насколько насколько насколько насколько насколько насколько насколько насколько насколько насколько насколько насколько насколько насколько насколько насколько насколько насколько насколько насколько насколько насколько насколько насколько насколько насколько насколько насколько насколько насколько насколько насколько насколько насколько насколько насколько насколько насколько насколько насколько насколько насколько насколько насколько насколько насколько насколько насколько насколько насколько насколько насколько насколько насколько насколько насколько насколько насколько насколько насколько насколько насколько насколько насколько насколько насколько насколько насколько насколько насколько насколько насколько насколько насколько насколько насколько насколько насколько насколько насколько насколько насколько насколько насколько насколько насколько насколько насколько насколько насколько насколько насколько насколько насколько насколько насколько насколько насколько насколько насколько насколько насколько насколько насколько насколько насколько насколько насколько насколько насколько насколько насколько насколько насколько насколько насколько насколько насколько насколько", "numeric_answer": null, "relative_error": null, "thinking_text": null, "has_tool_call": false, "tool_call": null, "usage": {"prompt_tokens": 108, "completion_tokens": 256, "total_tokens": 364, "token_count_source": "tokenizer"}, "decoding": {"temperature": 0.2, "top_p": null, "top_k": null, "max_tokens": 256, "seed": 42}, "prompt_tokens": 108, "completion_tokens": 256, "total_tokens": 364, "token_count_source": "tokenizer", "diffusion_steps": null, "flops_estimate": null, "flops_arch": null, "flops_model_params": null, "flops_active_params": null, "tokens_non_final": 253, "tokens_reasoning": 0, "tokens_response": 253, "elapsed_seconds": 19.479960203170776, "judgement": "Uncategorized"}
{"id": "fermi_000683", "topic": "fermi", "subtopic": "crowd_density", "prompt": "A plaza is about 70 m by 35 m, with roughly 1 people per square meter. About how many people are there?", "exact_value": 2450, "model": "tiiuae/Falcon-H1-7B-Instruct", "provider": "transformers", "response": "�альное решение согласно правилацииирует насколько точно можно рассчитать насколько насколько насколько насколько насколько насколько насколько насколько насколько насколько насколько насколько насколько насколько насколько насколько насколько насколько насколько насколько насколько насколько насколько насколько насколько насколько насколько насколько насколько насколько насколько насколько насколько насколько насколько насколько насколько насколько насколько насколько насколько насколько насколько насколько насколько насколько насколько насколько насколько насколько насколько насколько насколько насколько насколько насколько насколько насколько насколько насколько насколько насколько насколько насколько насколько насколько насколько насколько насколько насколько насколько насколько насколько насколько насколько насколько насколько насколько насколько насколько насколько насколько насколько насколько насколько насколько насколько насколько насколько насколько насколько насколько насколько насколько насколько насколько насколько насколько насколько насколько насколько насколько насколько насколько насколько насколько насколько насколько насколько насколько насколько насколько насколько насколько насколько насколько насколько насколько насколько насколько насколько насколько насколько насколько насколько насколько насколько насколько насколько насколько насколько насколько насколько насколько насколько насколько насколько насколько насколько насколько насколько насколько насколько насколько насколько насколько насколько насколько насколько насколько насколько насколько насколько насколько насколько насколько насколько насколько насколько насколько насколько насколько насколько насколько насколько насколько насколько насколько насколько насколько насколько насколько насколько насколько насколько насколько насколько насколько насколько насколько насколько насколько насколько насколько насколько насколько насколько насколько насколько насколько насколько насколько насколько насколько насколько насколько насколько насколько насколько насколько насколько насколько насколько насколько насколько насколько насколько насколько насколько насколько насколько насколько насколько насколько насколько насколько насколько насколько насколько насколько насколько насколько насколько насколько насколько насколько насколько насколько насколько насколько насколько насколько насколько насколько насколько насколько насколько насколько насколько насколько насколько насколько насколько насколько", "numeric_answer": null, "relative_error": null, "thinking_text": null, "has_tool_call": false, "tool_call": null, "usage": {"prompt_tokens": 108, "completion_tokens": 256, "total_tokens": 364, "token_count_source": "tokenizer"}, "decoding": {"temperature": 0.2, "top_p": null, "top_k": null, "max_tokens": 256, "seed": 42}, "prompt_tokens": 108, "completion_tokens": 256, "total_tokens": 364, "token_count_source": "tokenizer", "diffusion_steps": null, "flops_estimate": null, "flops_arch": null, "flops_model_params": null, "flops_active_params": null, "tokens_non_final": 252, "tokens_reasoning": 0, "tokens_response": 252, "elapsed_seconds": 18.646548986434937, "judgement": "Uncategorized"}
{"id": "fermi_000703", "topic": "fermi", "subtopic": "crowd_density", "prompt": "A plaza is about 40 m by 25 m, with roughly 1 people per square meter. About how many people are there?", "exact_value": 1000, "model": "tiiuae/Falcon-H1-7B-Instruct", "provider": "transformers", "response": "�альное решение согласно правилальным указанияàrösenироватьсяирует насколько точно нужно округлить результат согласно контекстыальным особенностям задачи насколько точно нужно округлировать результат согласно контекстыальным особенностямацииацииацииацииацииацииацииацииацииацииацииацииацииацииацииацииацииацииацииацииацииацииацииацииацииацииацииацииацииацииацииацииацииацииацииацииацииацииацииацииацииацииацииацииацииацииацииацииацииацииацииацииацииацииацииацииацииацииацииацииацииацииацииацииацииацииацииацииацииацииацииацииацииацииацииацииацииацииацииацииацииацииацииацииацииацииацииацииацииацииацииацииацииацииацииацииацииацииацииацииацииацииацииацииацииацииацииацииацииацииацииацииацииацииацииацииацииацииацииацииацииацииацииацииацииацииацииацииацииацииацииацииацииацииацииацииацииацииацииацииацииацииацииацииацииацииацииацииацииацииацииацииацииацииацииацииацииацииацииацииацииацииацииацииацииацииацииацииацииацииацииацииацииацииацииацииацииацииацииацииацииацииацииацииацииацииацииацииацииацииацииацииацииацииацииацииацииацииацииацииацииацииацииацииацииацииацииацииацииацииацииацииации", "numeric_answer": null, "relative_error": null, "thinking_text": null, "has_tool_call": false, "tool_call": null, "usage": {"prompt_tokens": 108, "completion_tokens": 256, "total_tokens": 364, "token_count_source": "tokenizer"}, "decoding": {"temperature": 0.2, "top_p": null, "top_k": null, "max_tokens": 256, "seed": 42}, "prompt_tokens": 108, "completion_tokens": 256, "total_tokens": 364, "token_count_source": "tokenizer", "diffusion_steps": null, "flops_estimate": null, "flops_arch": null, "flops_model_params": null, "flops_active_params": null, "tokens_non_final": 22, "tokens_reasoning": 0, "tokens_response": 22, "elapsed_seconds": 19.264135360717773, "judgement": "Uncategorized"}
{"id": "fermi_000723", "topic": "fermi", "subtopic": "crowd_density", "prompt": "A plaza is about 50 m by 30 m, with roughly 4 people per square meter. About how many people are there?", "exact_value": 6000, "model": "tiiuae/Falcon-H1-7B-Instruct", "provider": "transformers", "response": "�альное решение согласно правилальным указаниямирует насколько процентов насколько процентов насколько процентов насколько процентов насколько процентов насколько процентов насколько процентов насколько процентов насколько процентов насколько процентов насколько процентов насколько процентов насколько процентов насколько процентов насколько процентов насколько процентов насколько процентов насколько процентов насколько процентов насколько процентов насколько процентов насколько процентов насколько процентов насколько процентов насколько процентов насколько процентов насколько процентов насколько процентов насколько процентов насколько процентов насколько процентов насколько процентов насколько процентов насколько процентов насколько процентов насколько процентов насколько процентов насколько процентов насколько процентов насколько процентов насколько процентов насколько процентов насколько процентов насколько процентов насколько процентов насколько процентов насколько процентов насколько процентов насколько процентов насколько процентов насколько процентов насколько процентов насколько процентов насколько процентов насколько процентов насколько процентов насколько процентов насколько процентов насколько процентов насколько процентов насколько процентов насколько процентов насколько процентов насколько процентов насколько процентов насколько процентов насколько процентов насколько процентов насколько процентов насколько процентов насколько процентов насколько процентов насколько процентов насколько процентов насколько процентов насколько процентов насколько процентов насколько процентов насколько процентов насколько процентов насколько процентов насколько процентов насколько процентов насколько процентов насколько процентов насколько процентов насколько процентов насколько процентов насколько процентов насколько процентов насколько процентов насколько процентов насколько процентов насколько процентов насколько процентов насколько процентов насколько процентов насколько процентов насколько процентов насколько процентов насколько процентов насколько процентов насколько процентов насколько процентов насколько процентов насколько процентов насколько процентов насколько процентов насколько процентов насколько процентов насколько процентов насколько процентов насколько процентов насколько процентов насколько процентов насколько процентов насколько процентов насколько процентов насколько процентов насколько процентов насколько процентов насколько процентов насколько процентов", "numeric_answer": null, "relative_error": null, "thinking_text": null, "has_tool_call": false, "tool_call": null, "usage": {"prompt_tokens": 108, "completion_tokens": 256, "total_tokens": 364, "token_count_source": "tokenizer"}, "decoding": {"temperature": 0.2, "top_p": null, "top_k": null, "max_tokens": 256, "seed": 42}, "prompt_tokens": 108, "completion_tokens": 256, "total_tokens": 364, "token_count_source": "tokenizer", "diffusion_steps": null, "flops_estimate": null, "flops_arch": null, "flops_model_params": null, "flops_active_params": null, "tokens_non_final": 251, "tokens_reasoning": 0, "tokens_response": 251, "elapsed_seconds": 18.97420573234558, "judgement": "Uncategorized"}
{"id": "fermi_000743", "topic": "fermi", "subtopic": "crowd_density", "prompt": "A plaza is about 50 m by 25 m, with roughly 4 people per square meter. About how many people are there?", "exact_value": 5000, "model": "tiiuae/Falcon-H1-7B-Instruct", "provider": "transformers", "response": "�альное решение согласно правилальным указания насколько насколько насколько насколько насколько насколько насколько насколько насколько насколько насколько насколько насколько насколько насколько насколько насколько насколько насколько насколько насколько насколько насколько насколько насколько насколько насколько насколько насколько насколько насколько насколько насколько насколько насколько насколько насколько насколько насколько насколько насколько насколько насколько насколько насколько насколько насколько насколько насколько насколько насколько насколько насколько насколько насколько насколько насколько насколько насколько насколько насколько насколько насколько насколько насколько насколько насколько насколько насколько насколько насколько насколько насколько насколько насколько насколько насколько насколько насколько насколько насколько насколько насколько насколько насколько насколько насколько насколько насколько насколько насколько насколько насколько насколько насколько насколько насколько насколько насколько насколько насколько насколько насколько насколько насколько насколько насколько насколько насколько насколько насколько насколько насколько насколько насколько насколько насколько насколько насколько насколько насколько насколько насколько насколько насколько насколько насколько насколько насколько насколько насколько насколько насколько насколько насколько насколько насколько насколько насколько насколько насколько насколько насколько насколько насколько насколько насколько насколько насколько насколько насколько насколько насколько насколько насколько насколько насколько насколько насколько насколько насколько насколько насколько насколько насколько насколько насколько насколько насколько насколько насколько насколько насколько насколько насколько насколько насколько насколько насколько насколько насколько насколько насколько насколько насколько насколько насколько насколько насколько насколько насколько насколько насколько насколько насколько насколько насколько насколько насколько насколько насколько насколько насколько насколько насколько насколько насколько насколько насколько насколько насколько насколько насколько насколько насколько насколько насколько насколько насколько насколько насколько насколько насколько насколько насколько насколько насколько насколько насколько насколько насколько насколько насколько насколько насколько насколько насколько насколько насколько насколько насколько насколько насколько насколько насколько насколько насколько насколько", "numeric_answer": null, "relative_error": null, "thinking_text": null, "has_tool_call": false, "tool_call": null, "usage": {"prompt_tokens": 108, "completion_tokens": 256, "total_tokens": 364, "token_count_source": "tokenizer"}, "decoding": {"temperature": 0.2, "top_p": null, "top_k": null, "max_tokens": 256, "seed": 42}, "prompt_tokens": 108, "completion_tokens": 256, "total_tokens": 364, "token_count_source": "tokenizer", "diffusion_steps": null, "flops_estimate": null, "flops_arch": null, "flops_model_params": null, "flops_active_params": null, "tokens_non_final": 253, "tokens_reasoning": 0, "tokens_response": 253, "elapsed_seconds": 19.594200372695923, "judgement": "Uncategorized"}
{"id": "fermi_000763", "topic": "fermi", "subtopic": "crowd_density", "prompt": "A plaza is about 60 m by 35 m, with roughly 4 people per square meter. About how many people are there?", "exact_value": 8400, "model": "tiiuae/Falcon-H1-7B-Instruct", "provider": "transformers", "response": "�альное решение согласно правилальным указаниямирует насколько точно рассчитывается плотность населения согласно исходным данным насколько точно рассчитывается плотность населения согласно исходальным данным насколько точно рассчитывается плотность населения согласно исходнымальныманно насколько точно рассчитывается плотность согласно исходнымальныманно насколько точно согласно исходальныманно насколько согласно исходальныманно насколько согласно исходальныманно насколько согласно исходальныманно насколько согласно исходальныманно насколько согласно исходальныманно насколько согласно исходальныманно насколько согласно исходальныманно насколько согласно исходальныманно насколько согласно исходальныманно насколько согласно исходальныманно насколько согласно исходальныманно насколько согласно исходальныманно насколько согласно исходальныманно насколько согласно исходальныманно насколько согласно исходальныманно насколько согласно исходальныманно насколько согласно исходальныманно насколько согласно исходальныманно насколько согласно исходальныманно насколько согласно исходальныманно насколько согласно исходальныманно насколько согласно исходальныманно насколько согласно исходальныманно насколько согласно исходальныманно насколько согласно исходальныманно насколько согласно исходальныманно насколько согласно исходальныманно насколько согласно исходальныманно насколько согласно исходальныманно насколько согласно исходальныманно насколько согласно исходальныманно насколько согласно исходальныманно насколько согласно исходальныманно насколько согласно исходальныманно насколько согласно исходальныманно насколько согласно исходальныманно насколько согласно исходальныманно насколько согласно исходальныманно насколько", "numeric_answer": null, "relative_error": null, "thinking_text": null, "has_tool_call": false, "tool_call": null, "usage": {"prompt_tokens": 108, "completion_tokens": 256, "total_tokens": 364, "token_count_source": "tokenizer"}, "decoding": {"temperature": 0.2, "top_p": null, "top_k": null, "max_tokens": 256, "seed": 42}, "prompt_tokens": 108, "completion_tokens": 256, "total_tokens": 364, "token_count_source": "tokenizer", "diffusion_steps": null, "flops_estimate": null, "flops_arch": null, "flops_model_params": null, "flops_active_params": null, "tokens_non_final": 153, "tokens_reasoning": 0, "tokens_response": 153, "elapsed_seconds": 19.546199560165405, "judgement": "Uncategorized"}
{"id": "fermi_000783", "topic": "fermi", "subtopic": "crowd_density", "prompt": "A plaza is about 50 m by 25 m, with roughly 4 people per square meter. About how many people are there?", "exact_value": 5000, "model": "tiiuae/Falcon-H1-7B-Instruct", "provider": "transformers", "response": "�альное ответ согласно правилальным указанияальным ответ согласно правилальным указанияальным ответ согласно правилальнымируя насколько насколько насколько насколько насколько насколько насколько насколько насколько насколько насколько насколько насколько насколько насколько насколько насколько насколько насколько насколько насколько насколько насколько насколько насколько насколько насколько насколько насколько насколько насколько насколько насколько насколько насколько насколько насколько насколько насколько насколько насколько насколько насколько насколько насколько насколько насколько насколько насколько насколько насколько насколько насколько насколько насколько насколько насколько насколько насколько насколько насколько насколько насколько насколько насколько насколько насколько насколько насколько насколько насколько насколько насколько насколько насколько насколько насколько насколько насколько насколько насколько насколько насколько насколько насколько насколько насколько насколько насколько насколько насколько насколько насколько насколько насколько насколько насколько насколько насколько насколько насколько насколько насколько насколько насколько насколько насколько насколько насколько насколько насколько насколько насколько насколько насколько насколько насколько насколько насколько насколько насколько насколько насколько насколько насколько насколько насколько насколько насколько насколько насколько насколько насколько насколько насколько насколько насколько насколько насколько насколько насколько насколько насколько насколько насколько насколько насколько насколько насколько насколько насколько насколько насколько насколько насколько насколько насколько насколько насколько насколько насколько насколько насколько насколько насколько насколько насколько насколько насколько насколько насколько насколько насколько насколько насколько насколько насколько насколько насколько насколько насколько насколько насколько насколько насколько насколько насколько насколько насколько насколько насколько насколько насколько насколько насколько насколько насколько насколько насколько насколько насколько насколько насколько насколько насколько насколько насколько насколько насколько насколько насколько насколько насколько насколько насколько насколько насколько насколько насколько насколько насколько насколько насколько насколько насколько насколько насколько насколько насколько насколько насколько насколько насколько насколько насколько", "numeric_answer": null, "relative_error": null, "thinking_text": null, "has_tool_call": false, "tool_call": null, "usage": {"prompt_tokens": 108, "completion_tokens": 256, "total_tokens": 364, "token_count_source": "tokenizer"}, "decoding": {"temperature": 0.2, "top_p": null, "top_k": null, "max_tokens": 256, "seed": 42}, "prompt_tokens": 108, "completion_tokens": 256, "total_tokens": 364, "token_count_source": "tokenizer", "diffusion_steps": null, "flops_estimate": null, "flops_arch": null, "flops_model_params": null, "flops_active_params": null, "tokens_non_final": 247, "tokens_reasoning": 0, "tokens_response": 247, "elapsed_seconds": 18.8842670917511, "judgement": "Uncategorized"}
{"id": "fermi_000803", "topic": "fermi", "subtopic": "crowd_density", "prompt": "A plaza is about 30 m by 20 m, with roughly 2 people per square meter. About how many people are there?", "exact_value": 1200, "model": "tiiuae/Falcon-H1-7B-Instruct", "provider": "transformers", "response": "�альное решение согласно правилальным указаниям согласно приведенной информации насколько это возможно насколько это возможно насколько насколько насколько насколько насколько насколько насколько насколько насколько насколько насколько насколько насколько насколько насколько насколько насколько насколько насколько насколько насколько насколько насколько насколько насколько насколько насколько насколько насколько насколько насколько насколько насколько насколько насколько насколько насколько насколько насколько насколько насколько насколько насколько насколько насколько насколько насколько насколько насколько насколько насколько насколько насколько насколько насколько насколько насколько насколько насколько насколько насколько насколько насколько насколько насколько насколько насколько насколько насколько насколько насколько насколько насколько насколько насколько насколько насколько насколько насколько насколько насколько насколько насколько насколько насколько насколько насколько насколько насколько насколько насколько насколько насколько насколько насколько насколько насколько насколько насколько насколько насколько насколько насколько насколько насколько насколько насколько насколько насколько насколько насколько насколько насколько насколько насколько насколько насколько насколько насколько насколько насколько насколько насколько насколько насколько насколько насколько насколько насколько насколько насколько насколько насколько насколько насколько насколько насколько насколько насколько насколько насколько насколько насколько насколько насколько насколько насколько насколько насколько насколько насколько насколько насколько насколько насколько насколько насколько насколько насколько насколько насколько насколько насколько насколько насколько насколько насколько насколько насколько насколько насколько насколько насколько насколько насколько насколько насколько насколько насколько насколько насколько насколько насколько насколько насколько насколько насколько насколько насколько насколько насколько насколько насколько насколько насколько насколько насколько насколько насколько насколько насколько насколько насколько насколько насколько насколько насколько насколько насколько насколько насколько насколько насколько насколько насколько насколько насколько насколько насколько насколько насколько насколько насколько насколько насколько насколько насколько насколько насколько насколько насколько насколько насколько насколько насколько насколько насколько", "numeric_answer": null, "relative_error": null, "thinking_text": null, "has_tool_call": false, "tool_call": null, "usage": {"prompt_tokens": 108, "completion_tokens": 256, "total_tokens": 364, "token_count_source": "tokenizer"}, "decoding": {"temperature": 0.2, "top_p": null, "top_k": null, "max_tokens": 256, "seed": 42}, "prompt_tokens": 108, "completion_tokens": 256, "total_tokens": 364, "token_count_source": "tokenizer", "diffusion_steps": null, "flops_estimate": null, "flops_arch": null, "flops_model_params": null, "flops_active_params": null, "tokens_non_final": 251, "tokens_reasoning": 0, "tokens_response": 251, "elapsed_seconds": 19.59816551208496, "judgement": "Uncategorized"}
{"id": "fermi_000823", "topic": "fermi", "subtopic": "crowd_density", "prompt": "A plaza is about 50 m by 20 m, with roughly 3 people per square meter. About how many people are there?", "exact_value": 3000, "model": "tiiuae/Falcon-H1-7B-Instruct", "provider": "transformers", "response": "�альное решение согласно правилальным указания насколько насколько насколько насколько насколько насколько насколько насколько насколько насколько насколько насколько насколько насколько насколько насколько насколько насколько насколько насколько насколько насколько насколько насколько насколько насколько насколько насколько насколько насколько насколько насколько насколько насколько насколько насколько насколько насколько насколько насколько насколько насколько насколько насколько насколько насколько насколько насколько насколько насколько насколько насколько насколько насколько насколько насколько насколько насколько насколько насколько насколько насколько насколько насколько насколько насколько насколько насколько насколько насколько насколько насколько насколько насколько насколько насколько насколько насколько насколько насколько насколько насколько насколько насколько насколько насколько насколько насколько насколько насколько насколько насколько насколько насколько насколько насколько насколько насколько насколько насколько насколько насколько насколько насколько насколько насколько насколько насколько насколько насколько насколько насколько насколько насколько насколько насколько насколько насколько насколько насколько насколько насколько насколько насколько насколько насколько насколько насколько насколько насколько насколько насколько насколько насколько насколько насколько насколько насколько насколько насколько насколько насколько насколько насколько насколько насколько насколько насколько насколько насколько насколько насколько насколько насколько насколько насколько насколько насколько насколько насколько насколько насколько насколько насколько насколько насколько насколько насколько насколько насколько насколько насколько насколько насколько насколько насколько насколько насколько насколько насколько насколько насколько насколько насколько насколько насколько насколько насколько насколько насколько насколько насколько насколько насколько насколько насколько насколько насколько насколько насколько насколько насколько насколько насколько насколько насколько насколько насколько насколько насколько насколько насколько насколько насколько насколько насколько насколько насколько насколько насколько насколько насколько насколько насколько насколько насколько насколько насколько насколько насколько насколько насколько насколько насколько насколько насколько насколько насколько насколько насколько насколько насколько насколько насколько насколько насколько насколько насколько", "numeric_answer": null, "relative_error": null, "thinking_text": null, "has_tool_call": false, "tool_call": null, "usage": {"prompt_tokens": 108, "completion_tokens": 256, "total_tokens": 364, "token_count_source": "tokenizer"}, "decoding": {"temperature": 0.2, "top_p": null, "top_k": null, "max_tokens": 256, "seed": 42}, "prompt_tokens": 108, "completion_tokens": 256, "total_tokens": 364, "token_count_source": "tokenizer", "diffusion_steps": null, "flops_estimate": null, "flops_arch": null, "flops_model_params": null, "flops_active_params": null, "tokens_non_final": 253, "tokens_reasoning": 0, "tokens_response": 253, "elapsed_seconds": 18.65326237678528, "judgement": "Uncategorized"}
{"id": "fermi_000843", "topic": "fermi", "subtopic": "crowd_density", "prompt": "A plaza is about 40 m by 30 m, with roughly 2 people per square meter. About how many people are there?", "exact_value": 2400, "model": "tiiuae/Falcon-H1-7B-Instruct", "provider": "transformers", "response": "�альное решение согласно правилальным указания насколько насколько насколько насколько насколько насколько насколько насколько насколько насколько насколько насколько насколько насколько насколько насколько насколько насколько насколько насколько насколько насколько насколько насколько насколько насколько насколько насколько насколько насколько насколько насколько насколько насколько насколько насколько насколько насколько насколько насколько насколько насколько насколько насколько насколько насколько насколько насколько насколько насколько насколько насколько насколько насколько насколько насколько насколько насколько насколько насколько насколько насколько насколько насколько насколько насколько насколько насколько насколько насколько насколько насколько насколько насколько насколько насколько насколько насколько насколько насколько насколько насколько насколько насколько насколько насколько насколько насколько насколько насколько насколько насколько насколько насколько насколько насколько насколько насколько насколько насколько насколько насколько насколько насколько насколько насколько насколько насколько насколько насколько насколько насколько насколько насколько насколько насколько насколько насколько насколько насколько насколько насколько насколько насколько насколько насколько насколько насколько насколько насколько насколько насколько насколько насколько насколько насколько насколько насколько насколько насколько насколько насколько насколько насколько насколько насколько насколько насколько насколько насколько насколько насколько насколько насколько насколько насколько насколько насколько насколько насколько насколько насколько насколько насколько насколько насколько насколько насколько насколько насколько насколько насколько насколько насколько насколько насколько насколько насколько насколько насколько насколько насколько насколько насколько насколько насколько насколько насколько насколько насколько насколько насколько насколько насколько насколько насколько насколько насколько насколько насколько насколько насколько насколько насколько насколько насколько насколько насколько насколько насколько насколько насколько насколько насколько насколько насколько насколько насколько насколько насколько насколько насколько насколько насколько насколько насколько насколько насколько насколько насколько насколько насколько насколько насколько насколько насколько насколько насколько насколько насколько насколько насколько насколько насколько насколько насколько насколько насколько", "numeric_answer": null, "relative_error": null, "thinking_text": null, "has_tool_call": false, "tool_call": null, "usage": {"prompt_tokens": 108, "completion_tokens": 256, "total_tokens": 364, "token_count_source": "tokenizer"}, "decoding": {"temperature": 0.2, "top_p": null, "top_k": null, "max_tokens": 256, "seed": 42}, "prompt_tokens": 108, "completion_tokens": 256, "total_tokens": 364, "token_count_source": "tokenizer", "diffusion_steps": null, "flops_estimate": null, "flops_arch": null, "flops_model_params": null, "flops_active_params": null, "tokens_non_final": 253, "tokens_reasoning": 0, "tokens_response": 253, "elapsed_seconds": 19.297996520996094, "judgement": "Uncategorized"}
{"id": "fermi_000863", "topic": "fermi", "subtopic": "crowd_density", "prompt": "A plaza is about 50 m by 35 m, with roughly 4 people per square meter. About how many people are there?", "exact_value": 7000, "model": "tiiuae/Falcon-H1-7B-Instruct", "provider": "transformers", "response": "�альное решение согласно правилальным указания насколько насколько насколько насколько насколько насколько насколько насколько насколько насколько насколько насколько насколько насколько насколько насколько насколько насколько насколько насколько насколько насколько насколько насколько насколько насколько насколько насколько насколько насколько насколько насколько насколько насколько насколько насколько насколько насколько насколько насколько насколько насколько насколько насколько насколько насколько насколько насколько насколько насколько насколько насколько насколько насколько насколько насколько насколько насколько насколько насколько насколько насколько насколько насколько насколько насколько насколько насколько насколько насколько насколько насколько насколько насколько насколько насколько насколько насколько насколько насколько насколько насколько насколько насколько насколько насколько насколько насколько насколько насколько насколько насколько насколько насколько насколько насколько насколько насколько насколько насколько насколько насколько насколько насколько насколько насколько насколько насколько насколько насколько насколько насколько насколько насколько насколько насколько насколько насколько насколько насколько насколько насколько насколько насколько насколько насколько насколько насколько насколько насколько насколько насколько насколько насколько насколько насколько насколько насколько насколько насколько насколько насколько насколько насколько насколько насколько насколько насколько насколько насколько насколько насколько насколько насколько насколько насколько насколько насколько насколько насколько насколько насколько насколько насколько насколько насколько насколько насколько насколько насколько насколько насколько насколько насколько насколько насколько насколько насколько насколько насколько насколько насколько насколько насколько насколько насколько насколько насколько насколько насколько насколько насколько насколько насколько насколько насколько насколько насколько насколько насколько насколько насколько насколько насколько насколько насколько насколько насколько насколько насколько насколько насколько насколько насколько насколько насколько насколько насколько насколько насколько насколько насколько насколько насколько насколько насколько насколько насколько насколько насколько насколько насколько насколько насколько насколько насколько насколько насколько насколько насколько насколько насколько насколько насколько насколько насколько насколько насколько", "numeric_answer": null, "relative_error": null, "thinking_text": null, "has_tool_call": false, "tool_call": null, "usage": {"prompt_tokens": 108, "completion_tokens": 256, "total_tokens": 364, "token_count_source": "tokenizer"}, "decoding": {"temperature": 0.2, "top_p": null, "top_k": null, "max_tokens": 256, "seed": 42}, "prompt_tokens": 108, "completion_tokens": 256, "total_tokens": 364, "token_count_source": "tokenizer", "diffusion_steps": null, "flops_estimate": null, "flops_arch": null, "flops_model_params": null, "flops_active_params": null, "tokens_non_final": 253, "tokens_reasoning": 0, "tokens_response": 253, "elapsed_seconds": 19.736302852630615, "judgement": "Uncategorized"}
{"id": "fermi_000883", "topic": "fermi", "subtopic": "crowd_density", "prompt": "A plaza is about 60 m by 20 m, with roughly 4 people per square meter. About how many people are there?", "exact_value": 4800, "model": "tiiuae/Falcon-H1-7B-Instruct", "provider": "transformers", "response": "�альное решение согласно заданным правилальным условиямируетаются путем вычисления общей площади плативальной зоны путем умножения длины стороны путем умализации согласно размерам предоставленным в условии путем умализации согласно размерам предоставированальнымальнымиальнымиальнымиальнымиальнымиальнымиальнымиальнымиальнымиальнымиальнымиальнымиальнымиальнымиальнымиальнымиальнымиальнымиальнымиальнымиальнымиальнымиальнымиальнымиальнымиальнымиальнымиальнымиальнымиальнымиальнымиальнымиальнымиальнымиальнымиальнымиальнымиальнымиальнымиальнымиальнымиальнымиальнымиальнымиальнымиальнымиальнымиальнымиальнымиальнымиальнымиальнымиальнымиальнымиальнымиальнымиальнымиальнымиальнымиальнымиальнымиальнымиальнымиальнымиальнымиальнымиальнымиальнымиальнымиальнымиальнымиальнымиальнымиальнымиальнымиальнымиальнымиальнымиальнымиальнымиальнымиальнымиальнымиальнымиальнымиальнымиальнымиальнымиальнымиальнымиальнымиальнымиальнымиальнымиальнымиальнымиальнымиальнымиальнымиальнымиальнымиальнымиальнымиальнымиальнымиальнымиальнымиальнымиальнымиальнымиальнымиальнымиальнымиальнымиальнымиальнымиальнымиальнымиальнымиальнымиальнымиальнымиальнымиальнымиальнымиальнымиальнымиальнымиальнымиальнымиальнымиальнымиальнымиальнымиальнымиальнымиальнымиальнымиальнымиальнымиальнымиальнымиальнымиальнымиальнымиальнымиальнымиальнымиальнымиальнымиальнымиальнымиальнымиальнымиальнымиальнымиальнымиальнымиальнымиальнымиальнымиальнымиальнымиальнымиальнымиальнымиальнымиальнымиальнымиальнымиальнымиальнымиальнымиальнымиальнымиальнымиальнымиальнымиальнымиальнымиальнымиальнымиальнымиальнымиальнымиальнымиальнымиальнымиальнымиальнымиальнымиальнымиальнымиальнымиальнымиальнымиальнымиальнымиальнымиальнымиальнымиальнымиальнымиальными", "numeric_answer": null, "relative_error": null, "thinking_text": null, "has_tool_call": false, "tool_call": null, "usage": {"prompt_tokens": 108, "completion_tokens": 256, "total_tokens": 364, "token_count_source": "tokenizer"}, "decoding": {"temperature": 0.2, "top_p": null, "top_k": null, "max_tokens": 256, "seed": 42}, "prompt_tokens": 108, "completion_tokens": 256, "total_tokens": 364, "token_count_source": "tokenizer", "diffusion_steps": null, "flops_estimate": null, "flops_arch": null, "flops_model_params": null, "flops_active_params": null, "tokens_non_final": 28, "tokens_reasoning": 0, "tokens_response": 28, "elapsed_seconds": 19.238443851470947, "judgement": "Uncategorized"}
{"id": "fermi_000903", "topic": "fermi", "subtopic": "crowd_density", "prompt": "A plaza is about 60 m by 20 m, with roughly 1 people per square meter. About how many people are there?", "exact_value": 1200, "model": "tiiuae/Falcon-H1-7B-Instruct", "provider": "transformers", "response": "�альное решение согласно заданию насколько точно насколько возможно насколько кратко насколько понятно насколько корректно насколькоировано насколькоировано насколькоировано насколькоировано насколькоировано насколькоировано насколькоировано насколькоировано насколькоировано насколькоировано насколькоировано насколькоировано насколькоировано насколькоировано насколькоировано насколькоировано насколькоировано насколькоировано насколькоировано насколькоировано насколькоировано насколькоировано насколькоировано насколькоировано насколькоировано насколькоировано насколькоировано насколькоировано насколькоировано насколькоировано насколькоировано насколькоировано насколькоировано насколькоировано насколькоировано насколькоировано насколькоировано насколькоировано насколькоировано насколькоировано насколькоировано насколькоировано насколькоировано насколькоировано насколькоировано насколькоировано насколькоировано насколькоировано насколькоировано насколькоировано насколькоировано насколькоировано насколькоировано насколькоировано насколькоировано насколькоировано насколькоировано насколькоировано насколькоировано насколькоировано насколькоировано насколькоировано насколькоировано насколькоировано насколькоировано насколькоировано насколькоировано насколькоировано насколькоировано насколькоировано насколькоировано насколькоировано насколькоировано насколькоировано насколькоировано насколькоировано насколькоировано насколькоировано насколькоировано насколькоировано насколькоировано насколькоировано насколькоировано насколькоировано насколькоировано насколькоировано насколькоировано насколькоировано насколькоировано насколькоировано насколькоировано насколькоировано насколькоировано насколькоировано насколькоировано насколькоировано насколькоировано насколькоировано насколькоировано насколькоировано насколькоировано насколькоировано насколькоировано насколькоировано насколькоировано насколькоировано насколькоировано насколькоировано насколькоировано насколькоировано насколькоировано насколькоировано насколькоировано насколькоировано насколькоировано насколькоировано насколькоировано насколькоировано насколько", "numeric_answer": null, "relative_error": null, "thinking_text": null, "has_tool_call": false, "tool_call": null, "usage": {"prompt_tokens": 108, "completion_tokens": 256, "total_tokens": 364, "token_count_source": "tokenizer"}, "decoding": {"temperature": 0.2, "top_p": null, "top_k": null, "max_tokens": 256, "seed": 42}, "prompt_tokens": 108, "completion_tokens": 256, "total_tokens": 364, "token_count_source": "tokenizer", "diffusion_steps": null, "flops_estimate": null, "flops_arch": null, "flops_model_params": null, "flops_active_params": null, "tokens_non_final": 133, "tokens_reasoning": 0, "tokens_response": 133, "elapsed_seconds": 18.99349570274353, "judgement": "Uncategorized"}
{"id": "fermi_000923", "topic": "fermi", "subtopic": "crowd_density", "prompt": "A plaza is about 30 m by 20 m, with roughly 3 people per square meter. About how many people are there?", "exact_value": 1800, "model": "tiiuae/Falcon-H1-7B-Instruct", "provider": "transformers", "response": "�альное решение согласно правилальным указанияальнымаетсяальнымальнымальнымальнымальнымальнымальнымальнымальнымальнымальнымальнымальнымальнымальнымальнымальнымальнымальнымальнымальнымальнымальнымальнымальнымальнымальнымальнымальнымальнымальнымальнымальнымальнымальнымальнымальнымальнымальнымальнымальнымальнымальнымальнымальнымальнымальнымальнымальнымальнымальнымальнымальнымальнымальнымальнымальнымальнымальнымальнымальнымальнымальнымальнымальнымальнымальнымальнымальнымальнымальнымальнымальнымальнымальнымальнымальнымальнымальнымальнымальнымальнымальнымальнымальнымальнымальнымальнымальнымальнымальнымальнымальнымальнымальнымальнымальнымальнымальнымальнымальнымальнымальнымальнымальнымальнымальнымальнымальнымальнымальнымальнымальнымальнымальнымальнымальнымальнымальнымальнымальнымальнымальнымальнымальнымальнымальнымальнымальнымальнымальнымальнымальнымальнымальнымальнымальнымальнымальнымальнымальнымальнымальнымальнымальнымальнымальнымальнымальнымальнымальнымальнымальнымальнымальнымальнымальнымальнымальнымальнымальнымальнымальнымальнымальнымальнымальнымальнымальнымальнымальнымальнымальнымальнымальнымальнымальнымальнымальнымальнымальнымальнымальнымальнымальнымальнымальнымальнымальнымальнымальнымальнымальнымальнымальнымальнымальнымальнымальнымальнымальнымальнымальнымальнымальнымальнымальнымальнымальнымальнымальнымальнымальнымальнымальнымальнымальнымальнымальнымальнымальнымальнымальнымальнымальнымальнымальнымальнымальнымальнымальнымальнымальнымальнымальнымальнымальнымальнымальнымальнымальнымальнымальнымальнымальнымальным", "numeric_answer": null, "relative_error": null, "thinking_text": null, "has_tool_call": false, "tool_call": null, "usage": {"prompt_tokens": 108, "completion_tokens": 256, "total_tokens": 364, "token_count_source": "tokenizer"}, "decoding": {"temperature": 0.2, "top_p": null, "top_k": null, "max_tokens": 256, "seed": 42}, "prompt_tokens": 108, "completion_tokens": 256, "total_tokens": 364, "token_count_source": "tokenizer", "diffusion_steps": null, "flops_estimate": null, "flops_arch": null, "flops_model_params": null, "flops_active_params": null, "tokens_non_final": 5, "tokens_reasoning": 0, "tokens_response": 5, "elapsed_seconds": 19.361206531524658, "judgement": "Uncategorized"}
{"id": "fermi_000943", "topic": "fermi", "subtopic": "crowd_density", "prompt": "A plaza is about 50 m by 25 m, with roughly 1 people per square meter. About how many people are there?", "exact_value": 1250, "model": "tiiuae/Falcon-H1-7B-Instruct", "provider": "transformers", "response": "альнымиаются насколько плотно стоят люди насколько точно нужно подсчитать насколько точно нужно подсчитывать насколько точно нужно насколько точно насколько насколько насколько насколько насколько насколько насколько насколько насколько насколько насколько насколько насколько насколько насколько насколько насколько насколько насколько насколько насколько насколько насколько насколько насколько насколько насколько насколько насколько насколько насколько насколько насколько насколько насколько насколько насколько насколько насколько насколько насколько насколько насколько насколько насколько насколько насколько насколько насколько насколько насколько насколько насколько насколько насколько насколько насколько насколько насколько насколько насколько насколько насколько насколько насколько насколько насколько насколько насколько насколько насколько насколько насколько насколько насколько насколько насколько насколько насколько насколько насколько насколько насколько насколько насколько насколько насколько насколько насколько насколько насколько насколько насколько насколько насколько насколько насколько насколько насколько насколько насколько насколько насколько насколько насколько насколько насколько насколько насколько насколько насколько насколько насколько насколько насколько насколько насколько насколько насколько насколько насколько насколько насколько насколько насколько насколько насколько насколько насколько насколько насколько насколько насколько насколько насколько насколько насколько насколько насколько насколько насколько насколько насколько насколько насколько насколько насколько насколько насколько насколько насколько насколько насколько насколько насколько насколько насколько насколько насколько насколько насколько насколько насколько насколько насколько насколько насколько насколько насколько насколько насколько насколько насколько насколько насколько насколько насколько насколько насколько насколько насколько насколько насколько насколько насколько насколько насколько насколько насколько насколько насколько насколько насколько насколько насколько насколько насколько насколько насколько насколько насколько насколько насколько насколько насколько насколько насколько насколько насколько насколько насколько насколько насколько насколько насколько насколько насколько насколько насколько насколько насколько насколько насколько насколько насколько насколько насколько насколько насколько насколько насколько насколько", "numeric_answer": null, "relative_error": null, "thinking_text": null, "has_tool_call": false, "tool_call": null, "usage": {"prompt_tokens": 108, "completion_tokens": 256, "total_tokens": 364, "token_count_source": "tokenizer"}, "decoding": {"temperature": 0.2, "top_p": null, "top_k": null, "max_tokens": 256, "seed": 42}, "prompt_tokens": 108, "completion_tokens": 256, "total_tokens": 364, "token_count_source": "tokenizer", "diffusion_steps": null, "flops_estimate": null, "flops_arch": null, "flops_model_params": null, "flops_active_params": null, "tokens_non_final": 250, "tokens_reasoning": 0, "tokens_response": 250, "elapsed_seconds": 19.37753939628601, "judgement": "Uncategorized"}
{"id": "fermi_000963", "topic": "fermi", "subtopic": "crowd_density", "prompt": "A plaza is about 70 m by 35 m, with roughly 4 people per square meter. About how many people are there?", "exact_value": 9800, "model": "tiiuae/Falcon-H1-7B-Instruct", "provider": "transformers", "response": "�альное решение согласно правилальным указания насколько насколько насколько насколько насколько насколько насколько насколько насколько насколько насколько насколько насколько насколько насколько насколько насколько насколько насколько насколько насколько насколько насколько насколько насколько насколько насколько насколько насколько насколько насколько насколько насколько насколько насколько насколько насколько насколько насколько насколько насколько насколько насколько насколько насколько насколько насколько насколько насколько насколько насколько насколько насколько насколько насколько насколько насколько насколько насколько насколько насколько насколько насколько насколько насколько насколько насколько насколько насколько насколько насколько насколько насколько насколько насколько насколько насколько насколько насколько насколько насколько насколько насколько насколько насколько насколько насколько насколько насколько насколько насколько насколько насколько насколько насколько насколько насколько насколько насколько насколько насколько насколько насколько насколько насколько насколько насколько насколько насколько насколько насколько насколько насколько насколько насколько насколько насколько насколько насколько насколько насколько насколько насколько насколько насколько насколько насколько насколько насколько насколько насколько насколько насколько насколько насколько насколько насколько насколько насколько насколько насколько насколько насколько насколько насколько насколько насколько насколько насколько насколько насколько насколько насколько насколько насколько насколько насколько насколько насколько насколько насколько насколько насколько насколько насколько насколько насколько насколько насколько насколько насколько насколько насколько насколько насколько насколько насколько насколько насколько насколько насколько насколько насколько насколько насколько насколько насколько насколько насколько насколько насколько насколько насколько насколько насколько насколько насколько насколько насколько насколько насколько насколько насколько насколько насколько насколько насколько насколько насколько насколько насколько насколько насколько насколько насколько насколько насколько насколько насколько насколько насколько насколько насколько насколько насколько насколько насколько насколько насколько насколько насколько насколько насколько насколько насколько насколько насколько насколько насколько насколько насколько насколько насколько насколько насколько насколько насколько насколько", "numeric_answer": null, "relative_error": null, "thinking_text": null, "has_tool_call": false, "tool_call": null, "usage": {"prompt_tokens": 108, "completion_tokens": 256, "total_tokens": 364, "token_count_source": "tokenizer"}, "decoding": {"temperature": 0.2, "top_p": null, "top_k": null, "max_tokens": 256, "seed": 42}, "prompt_tokens": 108, "completion_tokens": 256, "total_tokens": 364, "token_count_source": "tokenizer", "diffusion_steps": null, "flops_estimate": null, "flops_arch": null, "flops_model_params": null, "flops_active_params": null, "tokens_non_final": 253, "tokens_reasoning": 0, "tokens_response": 253, "elapsed_seconds": 18.843616724014282, "judgement": "Uncategorized"}
{"id": "fermi_000983", "topic": "fermi", "subtopic": "crowd_density", "prompt": "A plaza is about 50 m by 25 m, with roughly 3 people per square meter. About how many people are there?", "exact_value": 3750, "model": "tiiuae/Falcon-H1-7B-Instruct", "provider": "transformers", "response": "�альное решение согласно правилальным указанияàrösenировано насколько возможно точно насколько возможно согласно предоставленной информации насколько возможно насколько возможно насколько возможно насколько возможно насколько возможно насколько возможно насколько возможно насколько возможно насколько возможно насколько возможно насколько возможно насколько возможно насколько возможно насколько возможно насколько возможно насколько возможно насколько возможно насколько возможно насколько возможно насколько возможно насколько возможно насколько возможно насколько возможно насколько возможно насколько возможно насколько возможно насколько возможно насколько возможно насколько возможно насколько возможно насколько возможно насколько возможно насколько возможно насколько возможно насколько возможно насколько возможно насколько возможно насколько возможно насколько возможно насколько возможно насколько возможно насколько возможно насколько возможно насколько возможно насколько возможно насколько возможно насколько возможно насколько возможно насколько возможно насколько возможно насколько возможно насколько возможно насколько возможно насколько возможно насколько возможно насколько возможно насколько возможно насколько возможно насколько возможно насколько возможно насколько возможно насколько возможно насколько возможно насколько возможно насколько возможно насколько возможно насколько возможно насколько возможно насколько возможно насколько возможно насколько возможно насколько возможно насколько возможно насколько возможно насколько возможно насколько возможно насколько возможно насколько возможно насколько возможно насколько возможно насколько возможно насколько возможно насколько возможно насколько возможно насколько возможно насколько возможно насколько возможно насколько возможно насколько возможно насколько возможно насколько возможно насколько возможно насколько возможно насколько возможно насколько возможно насколько возможно насколько возможно насколько возможно насколько возможно насколько возможно насколько возможно насколько возможно насколько возможно насколько возможно насколько возможно насколько возможно насколько возможно насколько возможно насколько возможно насколько возможно насколько возможно насколько возможно насколько возможно насколько возможно насколько возможно насколько возможно насколько возможно насколько возможно", "numeric_answer": null, "relative_error": null, "thinking_text": null, "has_tool_call": false, "tool_call": null, "usage": {"prompt_tokens": 108, "completion_tokens": 256, "total_tokens": 364, "token_count_source": "tokenizer"}, "decoding": {"temperature": 0.2, "top_p": null, "top_k": null, "max_tokens": 256, "seed": 42}, "prompt_tokens": 108, "completion_tokens": 256, "total_tokens": 364, "token_count_source": "tokenizer", "diffusion_steps": null, "flops_estimate": null, "flops_arch": null, "flops_model_params": null, "flops_active_params": null, "tokens_non_final": 249, "tokens_reasoning": 0, "tokens_response": 249, "elapsed_seconds": 19.149268627166748, "judgement": "Uncategorized"}
{"id": "fermi_001003", "topic": "fermi", "subtopic": "crowd_density", "prompt": "A plaza is about 30 m by 25 m, with roughly 3 people per square meter. About how many people are there?", "exact_value": 2250, "model": "tiiuae/Falcon-H1-7B-Instruct", "provider": "transformers", "response": "�альное решение согласно правилальным инальным ответом согласно правилальным инальным ответом согласно правилальным инальным ответом согласно правилальным инальным ответом согласно правилальным инальным ответом согласно правилальным инальным ответом согласно правилальным инальным ответом согласно правилальным инальным ответом согласно правилальным инальным ответом согласно правилальным инальным ответом согласно правилальным инальным ответом согласно правилальным инальным ответом согласно правилальным инальным ответом согласно правилальным инальным ответом согласно правилальным инальным ответом согласно правилальным инальным ответом согласно правилальным инальным ответом согласно правилальным инальным ответом согласно правилальным инальным ответом согласно правилальным инальным ответом согласно правилальным инальным ответом согласно правилальным инальным ответом согласно правилальным инальным ответом согласно правилальным инальным ответом согласно правилальным инальным ответом согласно правилальным инальным ответом согласно правилальным инальным ответом согласно правилальным инальным ответом согласно правилальным инальным ответом согласно правилальным инальным ответом согласно правилальным инальным ответом согласно правилальным инальным ответом согласно правилальным инальным ответом согласно правилальным инальным ответом согласно правилальным инальным ответом согласно правилальным инальным ответом согласно", "numeric_answer": null, "relative_error": null, "thinking_text": null, "has_tool_call": false, "tool_call": null, "usage": {"prompt_tokens": 108, "completion_tokens": 256, "total_tokens": 364, "token_count_source": "tokenizer"}, "decoding": {"temperature": 0.2, "top_p": null, "top_k": null, "max_tokens": 256, "seed": 42}, "prompt_tokens": 108, "completion_tokens": 256, "total_tokens": 364, "token_count_source": "tokenizer", "diffusion_steps": null, "flops_estimate": null, "flops_arch": null, "flops_model_params": null, "flops_active_params": null, "tokens_non_final": 147, "tokens_reasoning": 0, "tokens_response": 147, "elapsed_seconds": 19.416330337524414, "judgement": "Uncategorized"}
{"id": "fermi_001023", "topic": "fermi", "subtopic": "crowd_density", "prompt": "A plaza is about 30 m by 25 m, with roughly 2 people per square meter. About how many people are there?", "exact_value": 1500, "model": "tiiuae/Falcon-H1-7B-Instruct", "provider": "transformers", "response": "�альное решение согласно правилальным указания насколько насколько насколько насколько насколько насколько насколько насколько насколько насколько насколько насколько насколько насколько насколько насколько насколько насколько насколько насколько насколько насколько насколько насколько насколько насколько насколько насколько насколько насколько насколько насколько насколько насколько насколько насколько насколько насколько насколько насколько насколько насколько насколько насколько насколько насколько насколько насколько насколько насколько насколько насколько насколько насколько насколько насколько насколько насколько насколько насколько насколько насколько насколько насколько насколько насколько насколько насколько насколько насколько насколько насколько насколько насколько насколько насколько насколько насколько насколько насколько насколько насколько насколько насколько насколько насколько насколько насколько насколько насколько насколько насколько насколько насколько насколько насколько насколько насколько насколько насколько насколько насколько насколько насколько насколько насколько насколько насколько насколько насколько насколько насколько насколько насколько насколько насколько насколько насколько насколько насколько насколько насколько насколько насколько насколько насколько насколько насколько насколько насколько насколько насколько насколько насколько насколько насколько насколько насколько насколько насколько насколько насколько насколько насколько насколько насколько насколько насколько насколько насколько насколько насколько насколько насколько насколько насколько насколько насколько насколько насколько насколько насколько насколько насколько насколько насколько насколько насколько насколько насколько насколько насколько насколько насколько насколько насколько насколько насколько насколько насколько насколько насколько насколько насколько насколько насколько насколько насколько насколько насколько насколько насколько насколько насколько насколько насколько насколько насколько насколько насколько насколько насколько насколько насколько насколько насколько насколько насколько насколько насколько насколько насколько насколько насколько насколько насколько насколько насколько насколько насколько насколько насколько насколько насколько насколько насколько насколько насколько насколько насколько насколько насколько насколько насколько насколько насколько насколько насколько насколько насколько насколько насколько насколько насколько насколько насколько насколько насколько", "numeric_answer": null, "relative_error": null, "thinking_text": null, "has_tool_call": false, "tool_call": null, "usage": {"prompt_tokens": 108, "completion_tokens": 256, "total_tokens": 364, "token_count_source": "tokenizer"}, "decoding": {"temperature": 0.2, "top_p": null, "top_k": null, "max_tokens": 256, "seed": 42}, "prompt_tokens": 108, "completion_tokens": 256, "total_tokens": 364, "token_count_source": "tokenizer", "diffusion_steps": null, "flops_estimate": null, "flops_arch": null, "flops_model_params": null, "flops_active_params": null, "tokens_non_final": 253, "tokens_reasoning": 0, "tokens_response": 253, "elapsed_seconds": 18.938065767288208, "judgement": "Uncategorized"}
{"id": "fermi_001043", "topic": "fermi", "subtopic": "crowd_density", "prompt": "A plaza is about 60 m by 20 m, with roughly 3 people per square meter. About how many people are there?", "exact_value": 3600, "model": "tiiuae/Falcon-H1-7B-Instruct", "provider": "transformers", "response": "�альное решение согласно заданным условиямируеталось путем вычисления общей площади плации путем умножения его длины и ширины насколько процентов процентов насколько процентов насколько процентов насколько процентов насколько процентов насколько процентов насколько процентов насколько процентов насколько процентов насколько процентов насколько процентов насколько процентов насколько процентов насколько процентов насколько процентов насколько процентов насколько процентов насколько процентов насколько процентов насколько процентов насколько процентов насколько процентов насколько процентов насколько процентов насколько процентов насколько процентов насколько процентов насколько процентов насколько процентов насколько процентов насколько процентов насколько процентов насколько процентов насколько процентов насколько процентов насколько процентов насколько процентов насколько процентов насколько процентов насколько процентов насколько процентов насколько процентов насколько процентов насколько процентов насколько процентов насколько процентов насколько процентов насколько процентов насколько процентов насколько процентов насколько процентов насколько процентов насколько процентов насколько процентов насколько процентов насколько процентов насколько процентов насколько процентов насколько процентов насколько процентов насколько процентов насколько процентов насколько процентов насколько процентов насколько процентов насколько процентов насколько процентов насколько процентов насколько процентов насколько процентов насколько процентов насколько процентов насколько процентов насколько процентов насколько процентов насколько процентов насколько процентов насколько процентов насколько процентов насколько процентов насколько процентов насколько процентов насколько процентов насколько процентов насколько процентов насколько процентов насколько процентов насколько процентов насколько процентов насколько процентов насколько процентов насколько процентов насколько процентов насколько процентов насколько процентов насколько процентов насколько процентов насколько процентов насколько процентов насколько процентов насколько процентов насколько процентов насколько процентов насколько процентов насколько процентов насколько процентов насколько процентов насколько процентов насколько процентов насколько процентов насколько процентов насколько процентов", "numeric_answer": null, "relative_error": null, "thinking_text": null, "has_tool_call": false, "tool_call": null, "usage": {"prompt_tokens": 108, "completion_tokens": 256, "total_tokens": 364, "token_count_source": "tokenizer"}, "decoding": {"temperature": 0.2, "top_p": null, "top_k": null, "max_tokens": 256, "seed": 42}, "prompt_tokens": 108, "completion_tokens": 256, "total_tokens": 364, "token_count_source": "tokenizer", "diffusion_steps": null, "flops_estimate": null, "flops_arch": null, "flops_model_params": null, "flops_active_params": null, "tokens_non_final": 241, "tokens_reasoning": 0, "tokens_response": 241, "elapsed_seconds": 20.44517159461975, "judgement": "Uncategorized"}
{"id": "fermi_001063", "topic": "fermi", "subtopic": "crowd_density", "prompt": "A plaza is about 40 m by 20 m, with roughly 1 people per square meter. About how many people are there?", "exact_value": 800, "model": "tiiuae/Falcon-H1-7B-Instruct", "provider": "transformers", "response": "�альное решение согласно правилальным указания насколько насколько насколько насколько насколько насколько насколько насколько насколько насколько насколько насколько насколько насколько насколько насколько насколько насколько насколько насколько насколько насколько насколько насколько насколько насколько насколько насколько насколько насколько насколько насколько насколько насколько насколько насколько насколько насколько насколько насколько насколько насколько насколько насколько насколько насколько насколько насколько насколько насколько насколько насколько насколько насколько насколько насколько насколько насколько насколько насколько насколько насколько насколько насколько насколько насколько насколько насколько насколько насколько насколько насколько насколько насколько насколько насколько насколько насколько насколько насколько насколько насколько насколько насколько насколько насколько насколько насколько насколько насколько насколько насколько насколько насколько насколько насколько насколько насколько насколько насколько насколько насколько насколько насколько насколько насколько насколько насколько насколько насколько насколько насколько насколько насколько насколько насколько насколько насколько насколько насколько насколько насколько насколько насколько насколько насколько насколько насколько насколько насколько насколько насколько насколько насколько насколько насколько насколько насколько насколько насколько насколько насколько насколько насколько насколько насколько насколько насколько насколько насколько насколько насколько насколько насколько насколько насколько насколько насколько насколько насколько насколько насколько насколько насколько насколько насколько насколько насколько насколько насколько насколько насколько насколько насколько насколько насколько насколько насколько насколько насколько насколько насколько насколько насколько насколько насколько насколько насколько насколько насколько насколько насколько насколько насколько насколько насколько насколько насколько насколько насколько насколько насколько насколько насколько насколько насколько насколько насколько насколько насколько насколько насколько насколько насколько насколько насколько насколько насколько насколько насколько насколько насколько насколько насколько насколько насколько насколько насколько насколько насколько насколько насколько насколько насколько насколько насколько насколько насколько насколько насколько насколько насколько насколько насколько насколько насколько насколько насколько", "numeric_answer": null, "relative_error": null, "thinking_text": null, "has_tool_call": false, "tool_call": null, "usage": {"prompt_tokens": 108, "completion_tokens": 256, "total_tokens": 364, "token_count_source": "tokenizer"}, "decoding": {"temperature": 0.2, "top_p": null, "top_k": null, "max_tokens": 256, "seed": 42}, "prompt_tokens": 108, "completion_tokens": 256, "total_tokens": 364, "token_count_source": "tokenizer", "diffusion_steps": null, "flops_estimate": null, "flops_arch": null, "flops_model_params": null, "flops_active_params": null, "tokens_non_final": 253, "tokens_reasoning": 0, "tokens_response": 253, "elapsed_seconds": 19.40842080116272, "judgement": "Uncategorized"}
{"id": "travel_time_000108", "topic": "travel_time", "subtopic": "drive_time", "prompt": "You need to travel about 161 miles at around 55 mph. About how many hours will it take?", "exact_value": 2.92, "model": "tiiuae/Falcon-H1-7B-Instruct", "provider": "transformers", "response": "�альное ответично решение согласно правилальным указанияальным согласно правилальным указанияальным согласно правилальным согласно правилальным согласно согласно согласно согласно согласно согласно согласно согласно согласно согласно согласно согласно согласно согласно согласно согласно согласно согласно согласно согласно согласно согласно согласно согласно согласно согласно согласно согласно согласно согласно согласно согласно согласно согласно согласно согласно согласно согласно согласно согласно согласно согласно согласно согласно согласно согласно согласно согласно согласно согласно согласно согласно согласно согласно согласно согласно согласно согласно согласно согласно согласно согласно согласно согласно согласно согласно согласно согласно согласно согласно согласно согласно согласно согласно согласно согласно согласно согласно согласно согласно согласно согласно согласно согласно согласно согласно согласно согласно согласно согласно согласно согласно согласно согласно согласно согласно согласно согласно согласно согласно согласно согласно согласно согласно согласно согласно согласно согласно согласно согласно согласно согласно согласно согласно согласно согласно согласно согласно согласно согласно согласно согласно согласно согласно согласно согласно согласно согласно согласно согласно согласно согласно согласно согласно согласно согласно согласно согласно согласно согласно согласно согласно согласно согласно согласно согласно согласно согласно согласно согласно согласно согласно согласно согласно согласно согласно согласно согласно согласно согласно согласно согласно согласно согласно согласно согласно согласно согласно согласно согласно согласно согласно согласно согласно согласно согласно согласно согласно согласно согласно согласно согласно согласно согласно согласно согласно согласно согласно согласно согласно согласно согласно согласно согласно согласно согласно согласно согласно согласно согласно согласно согласно согласно согласно согласно согласно согласно согласно согласно согласно согласно согласно согласно согласно согласно согласно согласно согласно согласно согласно согласно согласно согласно согласно согласно согласно согласно согласно согласно согласно согласно согласно согласно", "numeric_answer": null, "relative_error": null, "thinking_text": null, "has_tool_call": false, "tool_call": null, "usage": {"prompt_tokens": 102, "completion_tokens": 256, "total_tokens": 358, "token_count_source": "tokenizer"}, "decoding": {"temperature": 0.2, "top_p": null, "top_k": null, "max_tokens": 256, "seed": 42}, "prompt_tokens": 102, "completion_tokens": 256, "total_tokens": 358, "token_count_source": "tokenizer", "diffusion_steps": null, "flops_estimate": null, "flops_arch": null, "flops_model_params": null, "flops_active_params": null, "tokens_non_final": 246, "tokens_reasoning": 0, "tokens_response": 246, "elapsed_seconds": 19.146000862121582, "judgement": "Uncategorized"}
{"id": "travel_time_000128", "topic": "travel_time", "subtopic": "drive_time", "prompt": "You need to travel about 11 miles at around 45 mph. About how many hours will it take?", "exact_value": 0.2511111111111111, "model": "tiiuae/Falcon-H1-7B-Instruct", "provider": "transformers", "response": "�альное ответично решение согласно правилальным указанияальным согласно правилальным указанияальным согласно правилальным согласно правилальным согласно согласно согласно согласно согласно согласно согласно согласно согласно согласно согласно согласно согласно согласно согласно согласно согласно согласно согласно согласно согласно согласно согласно согласно согласно согласно согласно согласно согласно согласно согласно согласно согласно согласно согласно согласно согласно согласно согласно согласно согласно согласно согласно согласно согласно согласно согласно согласно согласно согласно согласно согласно согласно согласно согласно согласно согласно согласно согласно согласно согласно согласно согласно согласно согласно согласно согласно согласно согласно согласно согласно согласно согласно согласно согласно согласно согласно согласно согласно согласно согласно согласно согласно согласно согласно согласно согласно согласно согласно согласно согласно согласно согласно согласно согласно согласно согласно согласно согласно согласно согласно согласно согласно согласно согласно согласно согласно согласно согласно согласно согласно согласно согласно согласно согласно согласно согласно согласно согласно согласно согласно согласно согласно согласно согласно согласно согласно согласно согласно согласно согласно согласно согласно согласно согласно согласно согласно согласно согласно согласно согласно согласно согласно согласно согласно согласно согласно согласно согласно согласно согласно согласно согласно согласно согласно согласно согласно согласно согласно согласно согласно согласно согласно согласно согласно согласно согласно согласно согласно согласно согласно согласно согласно согласно согласно согласно согласно согласно согласно согласно согласно согласно согласно согласно согласно согласно согласно согласно согласно согласно согласно согласно согласно согласно согласно согласно согласно согласно согласно согласно согласно согласно согласно согласно согласно согласно согласно согласно согласно согласно согласно согласно согласно согласно согласно согласно согласно согласно согласно согласно согласно согласно согласно согласно согласно согласно согласно согласно согласно согласно согласно согласно согласно", "numeric_answer": null, "relative_error": null, "thinking_text": null, "has_tool_call": false, "tool_call": null, "usage": {"prompt_tokens": 101, "completion_tokens": 256, "total_tokens": 357, "token_count_source": "tokenizer"}, "decoding": {"temperature": 0.2, "top_p": null, "top_k": null, "max_tokens": 256, "seed": 42}, "prompt_tokens": 101, "completion_tokens": 256, "total_tokens": 357, "token_count_source": "tokenizer", "diffusion_steps": null, "flops_estimate": null, "flops_arch": null, "flops_model_params": null, "flops_active_params": null, "tokens_non_final": 246, "tokens_reasoning": 0, "tokens_response": 246, "elapsed_seconds": 18.667715072631836, "judgement": "Uncategorized"}
{"id": "travel_time_000148", "topic": "travel_time", "subtopic": "drive_time", "prompt": "You need to travel about 189 miles at around 45 mph. About how many hours will it take?", "exact_value": 4.202222222222222, "model": "tiiuae/Falcon-H1-7B-Instruct", "provider": "transformers", "response": "�альное ответ согласно правилальным указанияальным насколько точноальноальноальноальноальноальноальноальноальноальноальноальноальноальноальноальноальноальноальноальноальноальноальноальноальноальноальноальноальноальноальноальноальноальноальноальноальноальноальноальноальноальноальноальноальноальноальноальноальноальноальноальноальноальноальноальноальноальноальноальноальноальноальноальноальноальноальноальноальноальноальноальноальноальноальноальноальноальноальноальноальноальноальноальноальноальноальноальноальноальноальноальноальноальноальноальноальноальноальноальноальноальноальноальноальноальноальноальноальноальноальноальноальноальноальноальноальноальноальноальноальноальноальноальноальноальноальноальноальноальноальноальноальноальноальноальноальноальноальноальноальноальноальноальноальноальноальноальноальноальноальноальноальноальноальноальноальноальноальноальноальноальноальноальноальноальноальноальноальноальноальноальноальноальноальноальноальноальноальноальноальноальноальноальноальноальноальноальноальноальноальноальноальноальноальноальноальноальноальноальноальноальноальноальноальноальноальноальноальноальноальноальноальноальноальноальноальноальноальноальноальноальноальноальноальноальноальноальноальноальноальноальноальноальноальноальноальноальноальноальноальноальноальноальноально", "numeric_answer": null, "relative_error": null, "thinking_text": null, "has_tool_call": false, "tool_call": null, "usage": {"prompt_tokens": 102, "completion_tokens": 256, "total_tokens": 358, "token_count_source": "tokenizer"}, "decoding": {"temperature": 0.2, "top_p": null, "top_k": null, "max_tokens": 256, "seed": 42}, "prompt_tokens": 102, "completion_tokens": 256, "total_tokens": 358, "token_count_source": "tokenizer", "diffusion_steps": null, "flops_estimate": null, "flops_arch": null, "flops_model_params": null, "flops_active_params": null, "tokens_non_final": 7, "tokens_reasoning": 0, "tokens_response": 7, "elapsed_seconds": 19.510786771774292, "judgement": "Uncategorized"}
{"id": "travel_time_000168", "topic": "travel_time", "subtopic": "drive_time", "prompt": "You need to travel about 239 miles at around 45 mph. About how many hours will it take?", "exact_value": 5.304444444444444, "model": "tiiuae/Falcon-H1-7B-Instruct", "provider": "transformers", "response": "альными расчетами согласно формулированию задачи мы получаем следующее значение времени в часах насколько точно насколько возможно согласно предоставленной информации насколько точно насколько возможно насколько точно насколько возможно насколько точно насколько возможно насколько точно насколько возможно насколько точно насколько возможно насколько точно насколько возможно насколько точно насколько возможно насколько точно насколько возможно насколько точно насколько возможно насколько точно насколько возможно насколько точно насколько возможно насколько точно насколько возможно насколько точно насколько возможно насколько точно насколько возможно насколько точно насколько возможно насколько точно насколько возможно насколько точно насколько возможно насколько точно насколько возможно насколько точно насколько возможно насколько точно насколько возможно насколько точно насколько возможно насколько точно насколько возможно насколько точно насколько возможно насколько точно насколько возможно насколько точно насколько возможно насколько точно насколько возможно насколько точно насколько возможно насколько точно насколько возможно насколько точно насколько возможно насколько точно насколько возможно насколько точно насколько возможно насколько точно насколько возможно насколько точно насколько возможно насколько точно насколько возможно насколько точно насколько возможно насколько точно насколько возможно насколько точно насколько возможно насколько точно насколько возможно насколько точно насколько возможно насколько точно насколько возможно насколько точно насколько возможно насколько точно насколько возможно насколько точно насколько возможно насколько точно насколько возможно насколько точно насколько возможно насколько точно насколько возможно насколько точно насколько возможно насколько точно насколько возможно насколько точно насколько возможно насколько точно насколько возможно насколько точно насколько возможно насколько точно насколько возможно насколько точно насколько возможно насколько точно насколько возможно насколько точно насколько возможно насколько точно насколько возможно насколько точно насколько возможно насколько", "numeric_answer": null, "relative_error": null, "thinking_text": null, "has_tool_call": false, "tool_call": null, "usage": {"prompt_tokens": 102, "completion_tokens": 256, "total_tokens": 358, "token_count_source": "tokenizer"}, "decoding": {"temperature": 0.2, "top_p": null, "top_k": null, "max_tokens": 256, "seed": 42}, "prompt_tokens": 102, "completion_tokens": 256, "total_tokens": 358, "token_count_source": "tokenizer", "diffusion_steps": null, "flops_estimate": null, "flops_arch": null, "flops_model_params": null, "flops_active_params": null, "tokens_non_final": 248, "tokens_reasoning": 0, "tokens_response": 248, "elapsed_seconds": 19.12334680557251, "judgement": "Uncategorized"}
{"id": "travel_time_000188", "topic": "travel_time", "subtopic": "drive_time", "prompt": "You need to travel about 118 miles at around 45 mph. About how many hours will it take?", "exact_value": 2.6133333333333333, "model": "tiiuae/Falcon-H1-7B-Instruct", "provider": "transformers", "response": "�альное ответ согласно правилальным требованиям насколько точно насколько возможно насколько кратко насколько ясно насколько корректально насколько соответственно насколько насколько насколько насколько насколько насколько насколько насколько насколько насколько насколько насколько насколько насколько насколько насколько насколько насколько насколько насколько насколько насколько насколько насколько насколько насколько насколько насколько насколько насколько насколько насколько насколько насколько насколько насколько насколько насколько насколько насколько насколько насколько насколько насколько насколько насколько насколько насколько насколько насколько насколько насколько насколько насколько насколько насколько насколько насколько насколько насколько насколько насколько насколько насколько насколько насколько насколько насколько насколько насколько насколько насколько насколько насколько насколько насколько насколько насколько насколько насколько насколько насколько насколько насколько насколько насколько насколько насколько насколько насколько насколько насколько насколько насколько насколько насколько насколько насколько насколько насколько насколько насколько насколько насколько насколько насколько насколько насколько насколько насколько насколько насколько насколько насколько насколько насколько насколько насколько насколько насколько насколько насколько насколько насколько насколько насколько насколько насколько насколько насколько насколько насколько насколько насколько насколько насколько насколько насколько насколько насколько насколько насколько насколько насколько насколько насколько насколько насколько насколько насколько насколько насколько насколько насколько насколько насколько насколько насколько насколько насколько насколько насколько насколько насколько насколько насколько насколько насколько насколько насколько насколько насколько насколько насколько насколько насколько насколько насколько насколько насколько насколько насколько насколько насколько насколько насколько насколько насколько насколько насколько насколько насколько насколько насколько насколько насколько насколько насколько насколько насколько насколько насколько насколько насколько насколько насколько насколько насколько насколько насколько насколько насколько насколько насколько насколько насколько насколько насколько насколько насколько насколько насколько насколько насколько насколько насколько насколько насколько насколько насколько насколько насколько насколько насколько", "numeric_answer": null, "relative_error": null, "thinking_text": null, "has_tool_call": false, "tool_call": null, "usage": {"prompt_tokens": 102, "completion_tokens": 256, "total_tokens": 358, "token_count_source": "tokenizer"}, "decoding": {"temperature": 0.2, "top_p": null, "top_k": null, "max_tokens": 256, "seed": 42}, "prompt_tokens": 102, "completion_tokens": 256, "total_tokens": 358, "token_count_source": "tokenizer", "diffusion_steps": null, "flops_estimate": null, "flops_arch": null, "flops_model_params": null, "flops_active_params": null, "tokens_non_final": 251, "tokens_reasoning": 0, "tokens_response": 251, "elapsed_seconds": 18.939467430114746, "judgement": "Uncategorized"}
{"id": "travel_time_000208", "topic": "travel_time", "subtopic": "drive_time", "prompt": "You need to travel about 224 miles at around 55 mph. About how many hours will it take?", "exact_value": 4.067272727272727, "model": "tiiuae/Falcon-H1-7B-Instruct", "provider": "transformers", "response": "альнымиальнымиальнымиальнымиальнымиальнымиальнымиальнымиальнымиальнымиальнымиальнымиальнымиальнымиальнымиальнымиальнымиальнымиальнымиальнымиальнымиальнымиальнымиальнымиальнымиальнымиальнымиальнымиальнымиальнымиальнымиальнымиальнымиальнымиальнымиальнымиальнымиальнымиальнымиальнымиальнымиальнымиальнымиальнымиальнымиальнымиальнымиальнымиальнымиальнымиальнымиальнымиальнымиальнымиальнымиальнымиальнымиальнымиальнымиальнымиальнымиальнымиальнымиальнымиальнымиальнымиальнымиальнымиальнымиальнымиальнымиальнымиальнымиальнымиальнымиальнымиальнымиальнымиальнымиальнымиальнымиальнымиальнымиальнымиальнымиальнымиальнымиальнымиальнымиальнымиальнымиальнымиальнымиальнымиальнымиальнымиальнымиальнымиальнымиальнымиальнымиальнымиальнымиальнымиальнымиальнымиальнымиальнымиальнымиальнымиальнымиальнымиальнымиальнымиальнымиальнымиальнымиальнымиальнымиальнымиальнымиальнымиальнымиальнымиальнымиальнымиальнымиальнымиальнымиальнымиальнымиальнымиальнымиальнымиальнымиальнымиальнымиальнымиальнымиальнымиальнымиальнымиальнымиальнымиальнымиальнымиальнымиальнымиальнымиальнымиальнымиальнымиальнымиальнымиальнымиальнымиальнымиальнымиальнымиальнымиальнымиальнымиальнымиальнымиальнымиальнымиальнымиальнымиальнымиальнымиальнымиальнымиальнымиальнымиальнымиальнымиальнымиальнымиальнымиальнымиальнымиальнымиальнымиальнымиальнымиальнымиальнымиальнымиальнымиальнымиальнымиальнымиальнымиальнымиальнымиальнымиальнымиальнымиальнымиальнымиальнымиальнымиальнымиальнымиальнымиальнымиальнымиальнымиальнымиальнымиальнымиальнымиальнымиальнымиальнымиальнымиальнымиальнымиальнымиальнымиальнымиальнымиальнымиальнымиальнымиальнымиальнымиальнымиальнымиальнымиальнымиальнымиальнымиальнымиальнымиальнымиальнымиальнымиальнымиальнымиальнымиальнымиальнымиальнымиальнымиальнымиальнымиальнымиальнымиальнымиальнымиальнымиальнымиальнымиальнымиальными", "numeric_answer": null, "relative_error": null, "thinking_text": null, "has_tool_call": false, "tool_call": null, "usage": {"prompt_tokens": 102, "completion_tokens": 256, "total_tokens": 358, "token_count_source": "tokenizer"}, "decoding": {"temperature": 0.2, "top_p": null, "top_k": null, "max_tokens": 256, "seed": 42}, "prompt_tokens": 102, "completion_tokens": 256, "total_tokens": 358, "token_count_source": "tokenizer", "diffusion_steps": null, "flops_estimate": null, "flops_arch": null, "flops_model_params": null, "flops_active_params": null, "tokens_non_final": 1, "tokens_reasoning": 0, "tokens_response": 1, "elapsed_seconds": 18.60087013244629, "judgement": "Uncategorized"}
{"id": "travel_time_000228", "topic": "travel_time", "subtopic": "drive_time", "prompt": "You need to travel about 37 miles at around 45 mph. About how many hours will it take?", "exact_value": 0.8222222222222222, "model": "tiiuae/Falcon-H1-7B-Instruct", "provider": "transformers", "response": "�альное ответично решение согласно правилальным указанияальным согласно правилальным указанияальным согласно правилальным согласно правилальным согласно согласно согласно согласно согласно согласно согласно согласно согласно согласно согласно согласно согласно согласно согласно согласно согласно согласно согласно согласно согласно согласно согласно согласно согласно согласно согласно согласно согласно согласно согласно согласно согласно согласно согласно согласно согласно согласно согласно согласно согласно согласно согласно согласно согласно согласно согласно согласно согласно согласно согласно согласно согласно согласно согласно согласно согласно согласно согласно согласно согласно согласно согласно согласно согласно согласно согласно согласно согласно согласно согласно согласно согласно согласно согласно согласно согласно согласно согласно согласно согласно согласно согласно согласно согласно согласно согласно согласно согласно согласно согласно согласно согласно согласно согласно согласно согласно согласно согласно согласно согласно согласно согласно согласно согласно согласно согласно согласно согласно согласно согласно согласно согласно согласно согласно согласно согласно согласно согласно согласно согласно согласно согласно согласно согласно согласно согласно согласно согласно согласно согласно согласно согласно согласно согласно согласно согласно согласно согласно согласно согласно согласно согласно согласно согласно согласно согласно согласно согласно согласно согласно согласно согласно согласно согласно согласно согласно согласно согласно согласно согласно согласно согласно согласно согласно согласно согласно согласно согласно согласно согласно согласно согласно согласно согласно согласно согласно согласно согласно согласно согласно согласно согласно согласно согласно согласно согласно согласно согласно согласно согласно согласно согласно согласно согласно согласно согласно согласно согласно согласно согласно согласно согласно согласно согласно согласно согласно согласно согласно согласно согласно согласно согласно согласно согласно согласно согласно согласно согласно согласно согласно согласно согласно согласно согласно согласно согласно согласно согласно согласно согласно согласно согласно", "numeric_answer": null, "relative_error": null, "thinking_text": null, "has_tool_call": false, "tool_call": null, "usage": {"prompt_tokens": 101, "completion_tokens": 256, "total_tokens": 357, "token_count_source": "tokenizer"}, "decoding": {"temperature": 0.2, "top_p": null, "top_k": null, "max_tokens": 256, "seed": 42}, "prompt_tokens": 101, "completion_tokens": 256, "total_tokens": 357, "token_count_source": "tokenizer", "diffusion_steps": null, "flops_estimate": null, "flops_arch": null, "flops_model_params": null, "flops_active_params": null, "tokens_non_final": 246, "tokens_reasoning": 0, "tokens_response": 246, "elapsed_seconds": 19.568628787994385, "judgement": "Uncategorized"}
{"id": "travel_time_000248", "topic": "travel_time", "subtopic": "drive_time", "prompt": "You need to travel about 213 miles at around 35 mph. About how many hours will it take?", "exact_value": 6.082857142857143, "model": "tiiuae/Falcon-H1-7B-Instruct", "provider": "transformers", "response": "�альное ответ согласно правилальным требованиям насколько точно насколько возможно насколько возможно насколько точно насколько возможно насколько точно насколько возможно насколько точно насколько возможно насколько точно насколько возможно насколько точно насколько возможно насколько точно насколько возможно насколько точно насколько возможно насколько точно насколько возможно насколько точно насколько возможно насколько точно насколько возможно насколько точно насколько возможно насколько точно насколько возможно насколько точно насколько возможно насколько точно насколько возможно насколько точно насколько возможно насколько точно насколько возможно насколько точно насколько возможно насколько точно насколько возможно насколько точно насколько возможно насколько точно насколько возможно насколько точно насколько возможно насколько точно насколько возможно насколько точно насколько возможно насколько точно насколько возможно насколько точно насколько возможно насколько точно насколько возможно насколько точно насколько возможно насколько точно насколько возможно насколько точно насколько возможно насколько точно насколько возможно насколько точно насколько возможно насколько точно насколько возможно насколько точно насколько возможно насколько точно насколько возможно насколько точно насколько возможно насколько точно насколько возможно насколько точно насколько возможно насколько точно насколько возможно насколько точно насколько возможно насколько точно насколько возможно насколько точно насколько возможно насколько точно насколько возможно насколько точно насколько возможно насколько точно насколько возможно насколько точно насколько возможно насколько точно насколько возможно насколько точно насколько возможно насколько точно насколько возможно насколько точно насколько возможно насколько точно насколько возможно насколько точно насколько возможно насколько точно насколько возможно насколько точно насколько возможно насколько точно насколько возможно насколько точно насколько возможно насколько точно насколько возможно насколько точно насколько возможно насколько точно насколько возможно насколько точно насколько возможно насколько точно насколько возможно насколько точно насколько", "numeric_answer": null, "relative_error": null, "thinking_text": null, "has_tool_call": false, "tool_call": null, "usage": {"prompt_tokens": 102, "completion_tokens": 256, "total_tokens": 358, "token_count_source": "tokenizer"}, "decoding": {"temperature": 0.2, "top_p": null, "top_k": null, "max_tokens": 256, "seed": 42}, "prompt_tokens": 102, "completion_tokens": 256, "total_tokens": 358, "token_count_source": "tokenizer", "diffusion_steps": null, "flops_estimate": null, "flops_arch": null, "flops_model_params": null, "flops_active_params": null, "tokens_non_final": 254, "tokens_reasoning": 0, "tokens_response": 254, "elapsed_seconds": 19.232720136642456, "judgement": "Uncategorized"}
{"id": "travel_time_000268", "topic": "travel_time", "subtopic": "drive_time", "prompt": "You need to travel about 130 miles at around 35 mph. About how many hours will it take?", "exact_value": 3.7228571428571433, "model": "tiiuae/Falcon-H1-7B-Instruct", "provider": "transformers", "response": "альнымиальнымиальнымиальнымиальнымиальнымиальнымиальнымиальнымиальнымиальнымиальнымиальнымиальнымиальнымиальнымиальнымиальнымиальнымиальнымиальнымиальнымиальнымиальнымиальнымиальнымиальнымиальнымиальнымиальнымиальнымиальнымиальнымиальнымиальнымиальнымиальнымиальнымиальнымиальнымиальнымиальнымиальнымиальнымиальнымиальнымиальнымиальнымиальнымиальнымиальнымиальнымиальнымиальнымиальнымиальнымиальнымиальнымиальнымиальнымиальнымиальнымиальнымиальнымиальнымиальнымиальнымиальнымиальнымиальнымиальнымиальнымиальнымиальнымиальнымиальнымиальнымиальнымиальнымиальнымиальнымиальнымиальнымиальнымиальнымиальнымиальнымиальнымиальнымиальнымиальнымиальнымиальнымиальнымиальнымиальнымиальнымиальнымиальнымиальнымиальнымиальнымиальнымиальнымиальнымиальнымиальнымиальнымиальнымиальнымиальнымиальнымиальнымиальнымиальнымиальнымиальнымиальнымиальнымиальнымиальнымиальнымиальнымиальнымиальнымиальнымиальнымиальнымиальнымиальнымиальнымиальнымиальнымиальнымиальнымиальнымиальнымиальнымиальнымиальнымиальнымиальнымиальнымиальнымиальнымиальнымиальнымиальнымиальнымиальнымиальнымиальнымиальнымиальнымиальнымиальнымиальнымиальнымиальнымиальнымиальнымиальнымиальнымиальнымиальнымиальнымиальнымиальнымиальнымиальнымиальнымиальнымиальнымиальнымиальнымиальнымиальнымиальнымиальнымиальнымиальнымиальнымиальнымиальнымиальнымиальнымиальнымиальнымиальнымиальнымиальнымиальнымиальнымиальнымиальнымиальнымиальнымиальнымиальнымиальнымиальнымиальнымиальнымиальнымиальнымиальнымиальнымиальнымиальнымиальнымиальнымиальнымиальнымиальнымиальнымиальнымиальнымиальнымиальнымиальнымиальнымиальнымиальнымиальнымиальнымиальнымиальнымиальнымиальнымиальнымиальнымиальнымиальнымиальнымиальнымиальнымиальнымиальнымиальнымиальнымиальнымиальнымиальнымиальнымиальнымиальнымиальнымиальнымиальнымиальнымиальнымиальнымиальнымиальнымиальнымиальными", "numeric_answer": null, "relative_error": null, "thinking_text": null, "has_tool_call": false, "tool_call": null, "usage": {"prompt_tokens": 102, "completion_tokens": 256, "total_tokens": 358, "token_count_source": "tokenizer"}, "decoding": {"temperature": 0.2, "top_p": null, "top_k": null, "max_tokens": 256, "seed": 42}, "prompt_tokens": 102, "completion_tokens": 256, "total_tokens": 358, "token_count_source": "tokenizer", "diffusion_steps": null, "flops_estimate": null, "flops_arch": null, "flops_model_params": null, "flops_active_params": null, "tokens_non_final": 1, "tokens_reasoning": 0, "tokens_response": 1, "elapsed_seconds": 18.882250547409058, "judgement": "Uncategorized"}
{"id": "travel_time_000288", "topic": "travel_time", "subtopic": "drive_time", "prompt": "You need to travel about 182 miles at around 45 mph. About how many hours will it take?", "exact_value": 4.04, "model": "tiiuae/Falcon-H1-7B-Instruct", "provider": "transformers", "response": "�альное ответично действие согласно правилальным интическициям насколько возможно точно согласно математическим расчетальным принципам насколько возможно согласно предоставленым условием насколько возможно насколько возможно насколько возможно насколько возможно насколько возможно насколько возможно насколько возможно насколько возможно насколько возможно насколько возможно насколько возможно насколько возможно насколько возможно насколько возможно насколько возможно насколько возможно насколько возможно насколько возможно насколько возможно насколько возможно насколько возможно насколько возможно насколько возможно насколько возможно насколько возможно насколько возможно насколько возможно насколько возможно насколько возможно насколько возможно насколько возможно насколько возможно насколько возможно насколько возможно насколько возможно насколько возможно насколько возможно насколько возможно насколько возможно насколько возможно насколько возможно насколько возможно насколько возможно насколько возможно насколько возможно насколько возможно насколько возможно насколько возможно насколько возможно насколько возможно насколько возможно насколько возможно насколько возможно насколько возможно насколько возможно насколько возможно насколько возможно насколько возможно насколько возможно насколько возможно насколько возможно насколько возможно насколько возможно насколько возможно насколько возможно насколько возможно насколько возможно насколько возможно насколько возможно насколько возможно насколько возможно насколько возможно насколько возможно насколько возможно насколько возможно насколько возможно насколько возможно насколько возможно насколько возможно насколько возможно насколько возможно насколько возможно насколько возможно насколько возможно насколько возможно насколько возможно насколько возможно насколько возможно насколько возможно насколько возможно насколько возможно насколько возможно насколько возможно насколько возможно насколько возможно насколько возможно насколько возможно насколько возможно насколько возможно насколько возможно насколько возможно насколько возможно насколько возможно насколько возможно насколько возможно насколько возможно насколько возможно насколько возможно насколько возможно насколько возможно насколько возможно насколько возможно насколько возможно", "numeric_answer": null, "relative_error": null, "thinking_text": null, "has_tool_call": false, "tool_call": null, "usage": {"prompt_tokens": 102, "completion_tokens": 256, "total_tokens": 358, "token_count_source": "tokenizer"}, "decoding": {"temperature": 0.2, "top_p": null, "top_k": null, "max_tokens": 256, "seed": 42}, "prompt_tokens": 102, "completion_tokens": 256, "total_tokens": 358, "token_count_source": "tokenizer", "diffusion_steps": null, "flops_estimate": null, "flops_arch": null, "flops_model_params": null, "flops_active_params": null, "tokens_non_final": 244, "tokens_reasoning": 0, "tokens_response": 244, "elapsed_seconds": 18.965373277664185, "judgement": "Uncategorized"}
{"id": "travel_time_000308", "topic": "travel_time", "subtopic": "drive_time", "prompt": "You need to travel about 220 miles at around 55 mph. About how many hours will it take?", "exact_value": 4.009090909090909, "model": "tiiuae/Falcon-H1-7B-Instruct", "provider": "transformers", "response": "�альное ответ согласно правилации насколько точно могу согласно предоставленной информации насколько точно могу согласно предоставленной информации насколько точно могу согласно предоставленнойации насколько точно могу согласно предоставированнойации насколько точно могу согласно предоставированнойации насколько точно могу согласно предоставированнойации насколько точно могу согласно предоставированнойации насколько точно могу согласно предоставированнойации насколько точно могу согласно предоставированнойации насколько точно могу согласно предоставированнойации насколько точно могу согласно предоставированнойации насколько точно могу согласно предоставированнойации насколько точно могу согласно предоставированнойации насколько точно могу согласно предоставированнойации насколько точно могу согласно предоставированнойации насколько точно могу согласно предоставированнойации насколько точно могу согласно предоставированнойации насколько точно могу согласно предоставированнойации насколько точно могу согласно предоставированнойации насколько точно могу согласно предоставированнойации насколько точно могу согласно предоставированнойации насколько точно могу согласно предоставированнойации насколько точно могу согласно предоставированнойации насколько точно могу согласно предоставированнойации насколько точно могу согласно предоставированнойации насколько точно могу согласно предоставированнойации насколько точно могу согласно предоставированнойации насколько точно могу согласно предоставированнойации насколько точно могу согласно предоставированнойации насколько точно могу согласно предоставированнойации насколько точно могу согласно предоставированнойации насколько точно могу согласно предоставированнойации насколько точно могу согласно предоставированнойации насколько точно могу согласно предоставированнойации насколько точно могу согласно предоставированнойации насколько точно могу согласно предостав", "numeric_answer": null, "relative_error": null, "thinking_text": null, "has_tool_call": false, "tool_call": null, "usage": {"prompt_tokens": 102, "completion_tokens": 256, "total_tokens": 358, "token_count_source": "tokenizer"}, "decoding": {"temperature": 0.2, "top_p": null, "top_k": null, "max_tokens": 256, "seed": 42}, "prompt_tokens": 102, "completion_tokens": 256, "total_tokens": 358, "token_count_source": "tokenizer", "diffusion_steps": null, "flops_estimate": null, "flops_arch": null, "flops_model_params": null, "flops_active_params": null, "tokens_non_final": 186, "tokens_reasoning": 0, "tokens_response": 186, "elapsed_seconds": 19.789233922958374, "judgement": "Uncategorized"}
{"id": "travel_time_000328", "topic": "travel_time", "subtopic": "drive_time", "prompt": "You need to travel about 144 miles at around 65 mph. About how many hours will it take?", "exact_value": 2.2184615384615385, "model": "tiiuae/Falcon-H1-7B-Instruct", "provider": "transformers", "response": "альными расчетами согласно формулированию задачи можно определить время в пути путем использования формулы времени путем насколько расстояния насколько скоростью насколько насколько насколько насколько насколько насколько насколько насколько насколько насколько насколько насколько насколько насколько насколько насколько насколько насколько насколько насколько насколько насколько насколько насколько насколько насколько насколько насколько насколько насколько насколько насколько насколько насколько насколько насколько насколько насколько насколько насколько насколько насколько насколько насколько насколько насколько насколько насколько насколько насколько насколько насколько насколько насколько насколько насколько насколько насколько насколько насколько насколько насколько насколько насколько насколько насколько насколько насколько насколько насколько насколько насколько насколько насколько насколько насколько насколько насколько насколько насколько насколько насколько насколько насколько насколько насколько насколько насколько насколько насколько насколько насколько насколько насколько насколько насколько насколько насколько насколько насколько насколько насколько насколько насколько насколько насколько насколько насколько насколько насколько насколько насколько насколько насколько насколько насколько насколько насколько насколько насколько насколько насколько насколько насколько насколько насколько насколько насколько насколько насколько насколько насколько насколько насколько насколько насколько насколько насколько насколько насколько насколько насколько насколько насколько насколько насколько насколько насколько насколько насколько насколько насколько насколько насколько насколько насколько насколько насколько насколько насколько насколько насколько насколько насколько насколько насколько насколько насколько насколько насколько насколько насколько насколько насколько насколько насколько насколько насколько насколько насколько насколько насколько насколько насколько насколько насколько насколько насколько насколько насколько насколько насколько насколько насколько насколько насколько насколько насколько насколько насколько насколько насколько насколько насколько насколько насколько насколько насколько насколько насколько насколько насколько насколько насколько насколько насколько насколько насколько насколько насколько насколько насколько насколько насколько насколько насколько насколько насколько насколько насколько", "numeric_answer": null, "relative_error": null, "thinking_text": null, "has_tool_call": false, "tool_call": null, "usage": {"prompt_tokens": 102, "completion_tokens": 256, "total_tokens": 358, "token_count_source": "tokenizer"}, "decoding": {"temperature": 0.2, "top_p": null, "top_k": null, "max_tokens": 256, "seed": 42}, "prompt_tokens": 102, "completion_tokens": 256, "total_tokens": 358, "token_count_source": "tokenizer", "diffusion_steps": null, "flops_estimate": null, "flops_arch": null, "flops_model_params": null, "flops_active_params": null, "tokens_non_final": 249, "tokens_reasoning": 0, "tokens_response": 249, "elapsed_seconds": 19.38809299468994, "judgement": "Uncategorized"}
{"id": "travel_time_000348", "topic": "travel_time", "subtopic": "drive_time", "prompt": "You need to travel about 215 miles at around 25 mph. About how many hours will it take?", "exact_value": 8.612, "model": "tiiuae/Falcon-H1-7B-Instruct", "provider": "transformers", "response": "�альное ответ согласно правилальным согласно предоставленной информации насколько возможно точно насколько возможно согласно предоставленной информации насколько возможно точно насколько возможно согласно предоставленной информации насколько возможно точно насколько возможно согласно предоставленнойации насколько возможно согласно насколько возможно согласно насколько возможно согласно насколько возможно согласно насколько возможно согласно насколько возможно согласно насколько возможно согласно насколько возможно согласно насколько возможно согласно насколько возможно согласно насколько возможно согласно насколько возможно согласно насколько возможно согласно насколько возможно согласно насколько возможно согласно насколько возможно согласно насколько возможно согласно насколько возможно согласно насколько возможно согласно насколько возможно согласно насколько возможно согласно насколько возможно согласно насколько возможно согласно насколько возможно согласно насколько возможно согласно насколько возможно согласно насколько возможно согласно насколько возможно согласно насколько возможно согласно насколько возможно согласно насколько возможно согласно насколько возможно согласно насколько возможно согласно насколько возможно согласно насколько возможно согласно насколько возможно согласно насколько возможно согласно насколько возможно согласно насколько возможно согласно насколько возможно согласно насколько возможно согласно насколько возможно согласно насколько возможно согласно насколько возможно согласно насколько возможно согласно насколько возможно согласно насколько возможно согласно насколько возможно согласно насколько возможно согласно насколько возможно согласно насколько возможно согласно насколько возможно согласно насколько возможно согласно насколько возможно согласно насколько возможно согласно насколько возможно согласно насколько возможно согласно насколько возможно согласно насколько возможно согласно насколько возможно согласно насколько возможно согласно насколько возможно согласно насколько возможно согласно насколько возможно согласно насколько возможно согласно насколько возможно согласно насколько возможно согласно насколько возможно согласно насколько возможно согласно насколько возможно согласно насколько возможно согласно насколько возможно согласно насколько возможно согласно", "numeric_answer": null, "relative_error": null, "thinking_text": null, "has_tool_call": false, "tool_call": null, "usage": {"prompt_tokens": 102, "completion_tokens": 256, "total_tokens": 358, "token_count_source": "tokenizer"}, "decoding": {"temperature": 0.2, "top_p": null, "top_k": null, "max_tokens": 256, "seed": 42}, "prompt_tokens": 102, "completion_tokens": 256, "total_tokens": 358, "token_count_source": "tokenizer", "diffusion_steps": null, "flops_estimate": null, "flops_arch": null, "flops_model_params": null, "flops_active_params": null, "tokens_non_final": 249, "tokens_reasoning": 0, "tokens_response": 249, "elapsed_seconds": 20.116658926010132, "judgement": "Uncategorized"}
{"id": "travel_time_000368", "topic": "travel_time", "subtopic": "drive_time", "prompt": "You need to travel about 173 miles at around 55 mph. About how many hours will it take?", "exact_value": 3.152727272727273, "model": "tiiuae/Falcon-H1-7B-Instruct", "provider": "transformers", "response": "�альное ответично решение согласно правилальным указанияальным согласно правилальным указанияальным согласно правилальным согласно правилальным согласно согласно согласно согласно согласно согласно согласно согласно согласно согласно согласно согласно согласно согласно согласно согласно согласно согласно согласно согласно согласно согласно согласно согласно согласно согласно согласно согласно согласно согласно согласно согласно согласно согласно согласно согласно согласно согласно согласно согласно согласно согласно согласно согласно согласно согласно согласно согласно согласно согласно согласно согласно согласно согласно согласно согласно согласно согласно согласно согласно согласно согласно согласно согласно согласно согласно согласно согласно согласно согласно согласно согласно согласно согласно согласно согласно согласно согласно согласно согласно согласно согласно согласно согласно согласно согласно согласно согласно согласно согласно согласно согласно согласно согласно согласно согласно согласно согласно согласно согласно согласно согласно согласно согласно согласно согласно согласно согласно согласно согласно согласно согласно согласно согласно согласно согласно согласно согласно согласно согласно согласно согласно согласно согласно согласно согласно согласно согласно согласно согласно согласно согласно согласно согласно согласно согласно согласно согласно согласно согласно согласно согласно согласно согласно согласно согласно согласно согласно согласно согласно согласно согласно согласно согласно согласно согласно согласно согласно согласно согласно согласно согласно согласно согласно согласно согласно согласно согласно согласно согласно согласно согласно согласно согласно согласно согласно согласно согласно согласно согласно согласно согласно согласно согласно согласно согласно согласно согласно согласно согласно согласно согласно согласно согласно согласно согласно согласно согласно согласно согласно согласно согласно согласно согласно согласно согласно согласно согласно согласно согласно согласно согласно согласно согласно согласно согласно согласно согласно согласно согласно согласно согласно согласно согласно согласно согласно согласно согласно согласно согласно согласно согласно согласно", "numeric_answer": null, "relative_error": null, "thinking_text": null, "has_tool_call": false, "tool_call": null, "usage": {"prompt_tokens": 102, "completion_tokens": 256, "total_tokens": 358, "token_count_source": "tokenizer"}, "decoding": {"temperature": 0.2, "top_p": null, "top_k": null, "max_tokens": 256, "seed": 42}, "prompt_tokens": 102, "completion_tokens": 256, "total_tokens": 358, "token_count_source": "tokenizer", "diffusion_steps": null, "flops_estimate": null, "flops_arch": null, "flops_model_params": null, "flops_active_params": null, "tokens_non_final": 246, "tokens_reasoning": 0, "tokens_response": 246, "elapsed_seconds": 20.069209337234497, "judgement": "Uncategorized"}
{"id": "travel_time_000388", "topic": "travel_time", "subtopic": "drive_time", "prompt": "You need to travel about 73 miles at around 25 mph. About how many hours will it take?", "exact_value": 2.92, "model": "tiiuae/Falcon-H1-7B-Instruct", "provider": "transformers", "response": "�альное ответично решение согласно правилальным указанияальнымальнымальнымальнымальнымальнымальнымальнымальнымальнымальнымальнымальнымальнымальнымальнымальнымальнымальнымальнымальнымальнымальнымальнымальнымальнымальнымальнымальнымальнымальнымальнымальнымальнымальнымальнымальнымальнымальнымальнымальнымальнымальнымальнымальнымальнымальнымальнымальнымальнымальнымальнымальнымальнымальнымальнымальнымальнымальнымальнымальнымальнымальнымальнымальнымальнымальнымальнымальнымальнымальнымальнымальнымальнымальнымальнымальнымальнымальнымальнымальнымальнымальнымальнымальнымальнымальнымальнымальнымальнымальнымальнымальнымальнымальнымальнымальнымальнымальнымальнымальнымальнымальнымальнымальнымальнымальнымальнымальнымальнымальнымальнымальнымальнымальнымальнымальнымальнымальнымальнымальнымальнымальнымальнымальнымальнымальнымальнымальнымальнымальнымальнымальнымальнымальнымальнымальнымальнымальнымальнымальнымальнымальнымальнымальнымальнымальнымальнымальнымальнымальнымальнымальнымальнымальнымальнымальнымальнымальнымальнымальнымальнымальнымальнымальнымальнымальнымальнымальнымальнымальнымальнымальнымальнымальнымальнымальнымальнымальнымальнымальнымальнымальнымальнымальнымальнымальнымальнымальнымальнымальнымальнымальнымальнымальнымальнымальнымальнымальнымальнымальнымальнымальнымальнымальнымальнымальнымальнымальнымальнымальнымальнымальнымальнымальнымальнымальнымальнымальнымальнымальнымальнымальнымальнымальнымальнымальнымальнымальнымальнымальнымальнымальнымальнымальнымальнымальнымальнымальнымальнымальнымальнымальнымальнымальнымальным", "numeric_answer": null, "relative_error": null, "thinking_text": null, "has_tool_call": false, "tool_call": null, "usage": {"prompt_tokens": 101, "completion_tokens": 256, "total_tokens": 357, "token_count_source": "tokenizer"}, "decoding": {"temperature": 0.2, "top_p": null, "top_k": null, "max_tokens": 256, "seed": 42}, "prompt_tokens": 101, "completion_tokens": 256, "total_tokens": 357, "token_count_source": "tokenizer", "diffusion_steps": null, "flops_estimate": null, "flops_arch": null, "flops_model_params": null, "flops_active_params": null, "tokens_non_final": 6, "tokens_reasoning": 0, "tokens_response": 6, "elapsed_seconds": 20.186340808868408, "judgement": "Uncategorized"}
{"id": "travel_time_000408", "topic": "travel_time", "subtopic": "drive_time", "prompt": "You need to travel about 66 miles at around 65 mph. About how many hours will it take?", "exact_value": 1.0215384615384617, "model": "tiiuae/Falcon-H1-7B-Instruct", "provider": "transformers", "response": "ацииацияацииацииацииацииацииацииацииацииацииацииацииацииацииацииацииацииацииацииацииацииацииацииацииацииацииацииацииацииацииацииацииацииацииацииацииацииацииацииацииацииацииацииацииацииацииацииацииацииацииацииацииацииацииацииацииацииацииацииацииацииацииацииацииацииацииацииацииацииацииацииацииацииацииацииацииацииацииацииацииацииацииацииацииацииацииацииацииацииацииацииацииацииацииацииацииацииацииацииацииацииацииацииацииацииацииацииацииацииацииацииацииацииацииацииацииацииацииацииацииацииацииацииацииацииацииацииацииацииацииацииацииацииацииацииацииацииацииацииацииацииацииацииацииацииацииацииацииацииацииацииацииацииацииацииацииацииацииацииацииацииацииацииацииацииацииацииацииацииацииацииацииацииацииацииацииацииацииацииацииацииацииацииацииацииацииацииацииацииацииацииацииацииацииацииацииацииацииацииацииацииацииацииацииацииацииацииацииацииацииацииацииацииацииацииацииацииацииацииацииацииацииацииацииацииацииацииацииацииацииацииацииацииацииацииацииацииацииацииацииацииацииацииацииацииацииацииацииацииацииацииацииацииацииации", "numeric_answer": null, "relative_error": null, "thinking_text": null, "has_tool_call": false, "tool_call": null, "usage": {"prompt_tokens": 101, "completion_tokens": 256, "total_tokens": 357, "token_count_source": "tokenizer"}, "decoding": {"temperature": 0.2, "top_p": null, "top_k": null, "max_tokens": 256, "seed": 42}, "prompt_tokens": 101, "completion_tokens": 256, "total_tokens": 357, "token_count_source": "tokenizer", "diffusion_steps": null, "flops_estimate": null, "flops_arch": null, "flops_model_params": null, "flops_active_params": null, "tokens_non_final": 1, "tokens_reasoning": 0, "tokens_response": 1, "elapsed_seconds": 19.765599489212036, "judgement": "Uncategorized"}
{"id": "travel_time_000428", "topic": "travel_time", "subtopic": "drive_time", "prompt": "You need to travel about 18 miles at around 65 mph. About how many hours will it take?", "exact_value": 0.27999999999999997, "model": "tiiuae/Falcon-H1-7B-Instruct", "provider": "transformers", "response": "�альное ответ согласно правилальным требованиям насколько точно насколько возможноальнымиальнымиальнымиальнымиальнымиальнымиальнымиальнымиальнымиальнымиальнымиальнымиальнымиальнымиальнымиальнымиальнымиальнымиальнымиальнымиальнымиальнымиальнымиальнымиальнымиальнымиальнымиальнымиальнымиальнымиальнымиальнымиальнымиальнымиальнымиальнымиальнымиальнымиальнымиальнымиальнымиальнымиальнымиальнымиальнымиальнымиальнымиальнымиальнымиальнымиальнымиальнымиальнымиальнымиальнымиальнымиальнымиальнымиальнымиальнымиальнымиальнымиальнымиальнымиальнымиальнымиальнымиальнымиальнымиальнымиальнымиальнымиальнымиальнымиальнымиальнымиальнымиальнымиальнымиальнымиальнымиальнымиальнымиальнымиальнымиальнымиальнымиальнымиальнымиальнымиальнымиальнымиальнымиальнымиальнымиальнымиальнымиальнымиальнымиальнымиальнымиальнымиальнымиальнымиальнымиальнымиальнымиальнымиальнымиальнымиальнымиальнымиальнымиальнымиальнымиальнымиальнымиальнымиальнымиальнымиальнымиальнымиальнымиальнымиальнымиальнымиальнымиальнымиальнымиальнымиальнымиальнымиальнымиальнымиальнымиальнымиальнымиальнымиальнымиальнымиальнымиальнымиальнымиальнымиальнымиальнымиальнымиальнымиальнымиальнымиальнымиальнымиальнымиальнымиальнымиальнымиальнымиальнымиальнымиальнымиальнымиальнымиальнымиальнымиальнымиальнымиальнымиальнымиальнымиальнымиальнымиальнымиальнымиальнымиальнымиальнымиальнымиальнымиальнымиальнымиальнымиальнымиальнымиальнымиальнымиальнымиальнымиальнымиальнымиальнымиальнымиальнымиальнымиальнымиальнымиальнымиальнымиальнымиальнымиальнымиальнымиальнымиальнымиальнымиальнымиальнымиальнымиальнымиальнымиальнымиальнымиальнымиальнымиальнымиальнымиальнымиальнымиальнымиальнымиальнымиальнымиальнымиальнымиальнымиальнымиальнымиальнымиальнымиальнымиальнымиальнымиальнымиальнымиальнымиальнымиальнымиальнымиальнымиальнымиальнымиальнымиальнымиальнымиальнымиальными", "numeric_answer": null, "relative_error": null, "thinking_text": null, "has_tool_call": false, "tool_call": null, "usage": {"prompt_tokens": 101, "completion_tokens": 256, "total_tokens": 357, "token_count_source": "tokenizer"}, "decoding": {"temperature": 0.2, "top_p": null, "top_k": null, "max_tokens": 256, "seed": 42}, "prompt_tokens": 101, "completion_tokens": 256, "total_tokens": 357, "token_count_source": "tokenizer", "diffusion_steps": null, "flops_estimate": null, "flops_arch": null, "flops_model_params": null, "flops_active_params": null, "tokens_non_final": 9, "tokens_reasoning": 0, "tokens_response": 9, "elapsed_seconds": 19.500850677490234, "judgement": "Uncategorized"}
{"id": "travel_time_000448", "topic": "travel_time", "subtopic": "drive_time", "prompt": "You need to travel about 208 miles at around 35 mph. About how many hours will it take?", "exact_value": 5.951428571428572, "model": "tiiuae/Falcon-H1-7B-Instruct", "provider": "transformers", "response": "�альное ответично решение согласно правилальным требованиям", "numeric_answer": null, "relative_error": null, "thinking_text": null, "has_tool_call": false, "tool_call": null, "usage": {"prompt_tokens": 102, "completion_tokens": 10, "total_tokens": 112, "token_count_source": "tokenizer"}, "decoding": {"temperature": 0.2, "top_p": null, "top_k": null, "max_tokens": 256, "seed": 42}, "prompt_tokens": 102, "completion_tokens": 10, "total_tokens": 112, "token_count_source": "tokenizer", "diffusion_steps": null, "flops_estimate": null, "flops_arch": null, "flops_model_params": null, "flops_active_params": null, "tokens_non_final": 6, "tokens_reasoning": 0, "tokens_response": 6, "elapsed_seconds": 0.7736282348632812, "judgement": "Uncategorized"}
{"id": "travel_time_000468", "topic": "travel_time", "subtopic": "drive_time", "prompt": "You need to travel about 49 miles at around 35 mph. About how many hours will it take?", "exact_value": 1.3885714285714286, "model": "tiiuae/Falcon-H1-7B-Instruct", "provider": "transformers", "response": "альнымиальнымиальнымиальнымиальнымиальнымиальнымиальнымиальнымиальнымиальнымиальнымиальнымиальнымиальнымиальнымиальнымиальнымиальнымиальнымиальнымиальнымиальнымиальнымиальнымиальнымиальнымиальнымиальнымиальнымиальнымиальнымиальнымиальнымиальнымиальнымиальнымиальнымиальнымиальнымиальнымиальнымиальнымиальнымиальнымиальнымиальнымиальнымиальнымиальнымиальнымиальнымиальнымиальнымиальнымиальнымиальнымиальнымиальнымиальнымиальнымиальнымиальнымиальнымиальнымиальнымиальнымиальнымиальнымиальнымиальнымиальнымиальнымиальнымиальнымиальнымиальнымиальнымиальнымиальнымиальнымиальнымиальнымиальнымиальнымиальнымиальнымиальнымиальнымиальнымиальнымиальнымиальнымиальнымиальнымиальнымиальнымиальнымиальнымиальнымиальнымиальнымиальнымиальнымиальнымиальнымиальнымиальнымиальнымиальнымиальнымиальнымиальнымиальнымиальнымиальнымиальнымиальнымиальнымиальнымиальнымиальнымиальнымиальнымиальнымиальнымиальнымиальнымиальнымиальнымиальнымиальнымиальнымиальнымиальнымиальнымиальнымиальнымиальнымиальнымиальнымиальнымиальнымиальнымиальнымиальнымиальнымиальнымиальнымиальнымиальнымиальнымиальнымиальнымиальнымиальнымиальнымиальнымиальнымиальнымиальнымиальнымиальнымиальнымиальнымиальнымиальнымиальнымиальнымиальнымиальнымиальнымиальнымиальнымиальнымиальнымиальнымиальнымиальнымиальнымиальнымиальнымиальнымиальнымиальнымиальнымиальнымиальнымиальнымиальнымиальнымиальнымиальнымиальнымиальнымиальнымиальнымиальнымиальнымиальнымиальнымиальнымиальнымиальнымиальнымиальнымиальнымиальнымиальнымиальнымиальнымиальнымиальнымиальнымиальнымиальнымиальнымиальнымиальнымиальнымиальнымиальнымиальнымиальнымиальнымиальнымиальнымиальнымиальнымиальнымиальнымиальнымиальнымиальнымиальнымиальнымиальнымиальнымиальнымиальнымиальнымиальнымиальнымиальнымиальнымиальнымиальнымиальнымиальнымиальнымиальнымиальнымиальнымиальнымиальнымиальными", "numeric_answer": null, "relative_error": null, "thinking_text": null, "has_tool_call": false, "tool_call": null, "usage": {"prompt_tokens": 101, "completion_tokens": 256, "total_tokens": 357, "token_count_source": "tokenizer"}, "decoding": {"temperature": 0.2, "top_p": null, "top_k": null, "max_tokens": 256, "seed": 42}, "prompt_tokens": 101, "completion_tokens": 256, "total_tokens": 357, "token_count_source": "tokenizer", "diffusion_steps": null, "flops_estimate": null, "flops_arch": null, "flops_model_params": null, "flops_active_params": null, "tokens_non_final": 1, "tokens_reasoning": 0, "tokens_response": 1, "elapsed_seconds": 18.52059292793274, "judgement": "Uncategorized"}
{"id": "travel_time_000488", "topic": "travel_time", "subtopic": "drive_time", "prompt": "You need to travel about 85 miles at around 55 mph. About how many hours will it take?", "exact_value": 1.5454545454545454, "model": "tiiuae/Falcon-H1-7B-Instruct", "provider": "transformers", "response": "�альное ответично действие согласно правилальным указанияальным согласноальным согласноальным согласноальным согласноальным согласноальным согласноальным согласноальным согласноальным согласноальным согласноальным согласноальным согласноальным согласноальным согласноальным согласноальным согласноальным согласноальным согласноальным согласноальным согласноальным согласноальным согласноальным согласноальным согласноальным согласноальным согласноальным согласноальным согласноальным согласноальным согласноальным согласноальным согласноальным согласноальным согласноальным согласноальным согласноальным согласноальным согласноальным согласноальным согласноальным согласноальным согласноальным согласноальным согласноальным согласноальным согласноальным согласноальным согласноальным согласноальным согласноальным согласноальным согласноальным согласноальным согласноальным согласноальным согласноальным согласноальным согласноальным согласноальным согласноальным согласноальным согласноальным согласноальным согласноальным согласноальным согласноальным согласноальным согласноальным согласноальным согласноальным согласноальным согласноальным согласноальным согласноальным согласноальным согласноальным согласноальным согласноальным согласноальным согласноальным согласноальным согласноальным согласноальным согласноальным согласноальным согласноальным согласноальным согласноальным согласноальным согласноальным согласноальным согласноальным согласноальным согласноальным согласноальным согласноальным согласноальным согласноальным согласноальным согласноальным согласноальным согласноальным согласноальным согласноальным согласноальным согласноальным согласноальным согласноальным согласноальным согласноальным согласноальным согласноальным согласноальным согласноальным согласноальным согласноальным согласноальным согласноальным согласноальным согласноальным согласноальным согласноальным согласно", "numeric_answer": null, "relative_error": null, "thinking_text": null, "has_tool_call": false, "tool_call": null, "usage": {"prompt_tokens": 101, "completion_tokens": 256, "total_tokens": 357, "token_count_source": "tokenizer"}, "decoding": {"temperature": 0.2, "top_p": null, "top_k": null, "max_tokens": 256, "seed": 42}, "prompt_tokens": 101, "completion_tokens": 256, "total_tokens": 357, "token_count_source": "tokenizer", "diffusion_steps": null, "flops_estimate": null, "flops_arch": null, "flops_model_params": null, "flops_active_params": null, "tokens_non_final": 129, "tokens_reasoning": 0, "tokens_response": 129, "elapsed_seconds": 19.826829433441162, "judgement": "Uncategorized"}
{"id": "travel_time_000508", "topic": "travel_time", "subtopic": "drive_time", "prompt": "You need to travel about 139 miles at around 35 mph. About how many hours will it take?", "exact_value": 3.9800000000000004, "model": "tiiuae/Falcon-H1-7B-Instruct", "provider": "transformers", "response": "�альное ответ согласно правилальным согласно предоставленной информации насколько возможно точно согласно математическим расчетальным согласно предоставленной информации насколько возможно точно согласно математическим расчетальным согласно предоставленной информации насколько возможно точно согласно математическим расчетальным согласно предоставленнойации насколько возможно точно согласно математическим расчетальным согласно предоставленнойации насколько возможно точно согласно математическим расчетальным согласно предоставленнойации насколько возможноально точно согласно математическим расчетальным согласно предоставленнойации насколько возможноально точно согласно математическим расчетальным согласно предоставленнойации насколько возможноально точно согласно математическим расчетальным согласно предоставленнойации насколько возможноально точно согласно математическим расчетальным согласно предоставленнойации насколько возможноально точно согласно математическим расчетальным согласно предоставленнойации насколько возможноально точно согласно математическим расчетальным согласно предоставленнойации насколько возможноально точно согласно математическим расчетальным согласно предоставленнойации насколько возможноально точно согласно математическим расчетальным согласно предоставленнойации насколько возможноально точно согласно математическим расчетальным согласно предоставленнойации насколько возможноально точно согласно математическим расчетальным согласно предоставленнойации насколько возможноально точно согласно математическим расчетальным согласно предоставленнойации насколько возможноально точно согласно математическим расчетальным согласно предоставленнойации насколько возможноально точно согласно математическим расчетальным согласно предоставленной", "numeric_answer": null, "relative_error": null, "thinking_text": null, "has_tool_call": false, "tool_call": null, "usage": {"prompt_tokens": 102, "completion_tokens": 256, "total_tokens": 358, "token_count_source": "tokenizer"}, "decoding": {"temperature": 0.2, "top_p": null, "top_k": null, "max_tokens": 256, "seed": 42}, "prompt_tokens": 102, "completion_tokens": 256, "total_tokens": 358, "token_count_source": "tokenizer", "diffusion_steps": null, "flops_estimate": null, "flops_arch": null, "flops_model_params": null, "flops_active_params": null, "tokens_non_final": 153, "tokens_reasoning": 0, "tokens_response": 153, "elapsed_seconds": 19.03360104560852, "judgement": "Uncategorized"}
{"id": "travel_time_000528", "topic": "travel_time", "subtopic": "drive_time", "prompt": "You need to travel about 203 miles at around 45 mph. About how many hours will it take?", "exact_value": 4.511111111111111, "model": "tiiuae/Falcon-H1-7B-Instruct", "provider": "transformers", "response": "�альное ответ согласно правилам насколько точно могу согласно предоставленной информации насколько точно могу согласно предоставленной информации насколько точно могу согласно предоставленной информации насколько точно могу согласно предоставленнойации насколько точно могу согласно предоставированнойации насколько точно могу согласно предоставированнойации насколько точно могу согласно предоставированнойации насколько точно могу согласно предоставированнойации насколько точно могу согласно предоставированнойации насколько точно могу согласно предоставированнойации насколько точно могу согласно предоставированнойации насколько точно могу согласно предоставированнойации насколько точно могу согласно предоставированнойации насколько точно могу согласно предоставированнойации насколько точно могу согласно предоставированнойации насколько точно могу согласно предоставированнойации насколько точно могу согласно предоставированнойации насколько точно могу согласно предоставированнойации насколько точно могу согласно предоставированнойации насколько точно могу согласно предоставированнойации насколько точно могу согласно предоставированнойации насколько точно могу согласно предоставированнойации насколько точно могу согласно предоставированнойации насколько точно могу согласно предоставированнойации насколько точно могу согласно предоставированнойации насколько точно могу согласно предоставированнойации насколько точно могу согласно предоставированнойации насколько точно могу согласно предоставированнойации насколько точно могу согласно предоставированнойации насколько точно могу согласно предоставированнойации насколько точно могу согласно предоставированнойации насколько точно могу согласно предоставированнойации насколько точно могу согласно предоставированнойации насколько точно могу согласно предоставированнойации насколько точно могу согласно предоставированнойации насколько точно могу согласно предостав", "numeric_answer": null, "relative_error": null, "thinking_text": null, "has_tool_call": false, "tool_call": null, "usage": {"prompt_tokens": 102, "completion_tokens": 256, "total_tokens": 358, "token_count_source": "tokenizer"}, "decoding": {"temperature": 0.2, "top_p": null, "top_k": null, "max_tokens": 256, "seed": 42}, "prompt_tokens": 102, "completion_tokens": 256, "total_tokens": 358, "token_count_source": "tokenizer", "diffusion_steps": null, "flops_estimate": null, "flops_arch": null, "flops_model_params": null, "flops_active_params": null, "tokens_non_final": 187, "tokens_reasoning": 0, "tokens_response": 187, "elapsed_seconds": 19.299920797348022, "judgement": "Uncategorized"}
{"id": "travel_time_000548", "topic": "travel_time", "subtopic": "drive_time", "prompt": "You need to travel about 71 miles at around 65 mph. About how many hours will it take?", "exact_value": 1.0953846153846154, "model": "tiiuae/Falcon-H1-7B-Instruct", "provider": "transformers", "response": "�альное ответ согласно правилальным согласно предоставленной информации насколько возможно точно насколько возможно согласно предоставленной информации насколько возможно точно насколько возможно согласно предоставленнойации насколько возможно согласно предоставированнойации насколько возможно согласно предоставленнойации насколько возможно согласно предоставленнойации насколько возможно согласно предоставленнойации насколько возможно согласно предоставленнойации насколько возможно согласно предоставленнойации насколько возможно согласно согласно согласно согласно согласно согласно согласно согласно согласно согласно согласно согласно согласно согласно согласно согласно согласно согласно согласно согласно согласно согласно согласно согласно согласно согласно согласно согласно согласно согласно согласно согласно согласно согласно согласно согласно согласно согласно согласно согласно согласно согласно согласно согласно согласно согласно согласно согласно согласно согласно согласно согласно согласно согласно согласно согласно согласно согласно согласно согласно согласно согласно согласно согласно согласно согласно согласно согласно согласно согласно согласно согласно согласно согласно согласно согласно согласно согласно согласно согласно согласно согласно согласно согласно согласно согласно согласно согласно согласно согласно согласно согласно согласно согласно согласно согласно согласно согласно согласно согласно согласно согласно согласно согласно согласно согласно согласно согласно согласно согласно согласно согласно согласно согласно согласно согласно согласно согласно согласно согласно согласно согласно согласно согласно согласно согласно согласно согласно согласно согласно согласно согласно согласно согласно согласно согласно согласно согласно согласно согласно согласно согласно согласно согласно согласно согласно согласно согласно согласно согласно согласно согласно согласно согласно согласно согласно согласно согласно согласно согласно согласно согласно согласно согласно согласно согласно согласно согласно согласно согласно согласно согласно согласно согласно согласно согласно согласно согласно согласно согласно согласно согласно согласно согласно согласно согласно согласно согласно согласно согласно", "numeric_answer": null, "relative_error": null, "thinking_text": null, "has_tool_call": false, "tool_call": null, "usage": {"prompt_tokens": 101, "completion_tokens": 256, "total_tokens": 357, "token_count_source": "tokenizer"}, "decoding": {"temperature": 0.2, "top_p": null, "top_k": null, "max_tokens": 256, "seed": 42}, "prompt_tokens": 101, "completion_tokens": 256, "total_tokens": 357, "token_count_source": "tokenizer", "diffusion_steps": null, "flops_estimate": null, "flops_arch": null, "flops_model_params": null, "flops_active_params": null, "tokens_non_final": 238, "tokens_reasoning": 0, "tokens_response": 238, "elapsed_seconds": 19.302284002304077, "judgement": "Uncategorized"}
{"id": "travel_time_000568", "topic": "travel_time", "subtopic": "drive_time", "prompt": "You need to travel about 167 miles at around 45 mph. About how many hours will it take?", "exact_value": 3.7022222222222223, "model": "tiiuae/Falcon-H1-7B-Instruct", "provider": "transformers", "response": "�альное ответ согласно правилальным требованиямирует примерноальное исчиследование времени путем деления расстояния на скорость путем избежания лишних слов и единицации насколько возможно точно согласно предоставленной информации насколько возможно точно согласно предоставированной информации насколько возможно точно согласно предоставленнойации насколько возможно точно согласно предоставированнойации насколько возможно точно согласно предоставированнойации насколько возможно точно согласно предоставированнойации насколько возможно точно согласно предоставированнойации насколько возможно точно согласно предоставированнойации насколько возможно точно согласно предоставированнойации насколько возможно точно согласно предоставированнойации насколько возможно точно согласно предоставированнойации насколько возможно точно согласно предоставированнойации насколько возможно точно согласно предоставированнойации насколько возможно точно согласно предоставированнойации насколько возможно точно согласно предоставированнойации насколько возможно точно согласно предоставированнойации насколько возможно точно согласно предоставированнойации насколько возможно точно согласно предоставированнойации насколько возможно точно согласно предоставированнойации насколько возможно точно согласно предоставированнойации насколько возможно точно согласно предоставированнойации насколько возможно точно согласно предоставированнойации насколько возможно точно согласно предоставированнойации насколько возможно точно согласно предоставированнойации насколько возможно точно согласно предоставированнойации насколько возможно точно согласно предоставированнойации насколько возможно точно согласно предоставированнойации насколько возможно точно согласно предоставированнойации насколько возможно точно согласно предоставированнойации насколько возможно точно согласно предоставированнойации насколько возможно точно согласно предоставированнойации насколько возможно точно согласно предоставированнойации насколько возможно", "numeric_answer": null, "relative_error": null, "thinking_text": null, "has_tool_call": false, "tool_call": null, "usage": {"prompt_tokens": 102, "completion_tokens": 256, "total_tokens": 358, "token_count_source": "tokenizer"}, "decoding": {"temperature": 0.2, "top_p": null, "top_k": null, "max_tokens": 256, "seed": 42}, "prompt_tokens": 102, "completion_tokens": 256, "total_tokens": 358, "token_count_source": "tokenizer", "diffusion_steps": null, "flops_estimate": null, "flops_arch": null, "flops_model_params": null, "flops_active_params": null, "tokens_non_final": 183, "tokens_reasoning": 0, "tokens_response": 183, "elapsed_seconds": 18.556185245513916, "judgement": "Uncategorized"}
{"id": "travel_time_000588", "topic": "travel_time", "subtopic": "drive_time", "prompt": "You need to travel about 59 miles at around 25 mph. About how many hours will it take?", "exact_value": 2.344, "model": "tiiuae/Falcon-H1-7B-Instruct", "provider": "transformers", "response": "альнымиальнымиальнымиальнымиальнымиальнымиальнымиальнымиальнымиальнымиальнымиальнымиальнымиальнымиальнымиальнымиальнымиальнымиальнымиальнымиальнымиальнымиальнымиальнымиальнымиальнымиальнымиальнымиальнымиальнымиальнымиальнымиальнымиальнымиальнымиальнымиальнымиальнымиальнымиальнымиальнымиальнымиальнымиальнымиальнымиальнымиальнымиальнымиальнымиальнымиальнымиальнымиальнымиальнымиальнымиальнымиальнымиальнымиальнымиальнымиальнымиальнымиальнымиальнымиальнымиальнымиальнымиальнымиальнымиальнымиальнымиальнымиальнымиальнымиальнымиальнымиальнымиальнымиальнымиальнымиальнымиальнымиальнымиальнымиальнымиальнымиальнымиальнымиальнымиальнымиальнымиальнымиальнымиальнымиальнымиальнымиальнымиальнымиальнымиальнымиальнымиальнымиальнымиальнымиальнымиальнымиальнымиальнымиальнымиальнымиальнымиальнымиальнымиальнымиальнымиальнымиальнымиальнымиальнымиальнымиальнымиальнымиальнымиальнымиальнымиальнымиальнымиальнымиальнымиальнымиальнымиальнымиальнымиальнымиальнымиальнымиальнымиальнымиальнымиальнымиальнымиальнымиальнымиальнымиальнымиальнымиальнымиальнымиальнымиальнымиальнымиальнымиальнымиальнымиальнымиальнымиальнымиальнымиальнымиальнымиальнымиальнымиальнымиальнымиальнымиальнымиальнымиальнымиальнымиальнымиальнымиальнымиальнымиальнымиальнымиальнымиальнымиальнымиальнымиальнымиальнымиальнымиальнымиальнымиальнымиальнымиальнымиальнымиальнымиальнымиальнымиальнымиальнымиальнымиальнымиальнымиальнымиальнымиальнымиальнымиальнымиальнымиальнымиальнымиальнымиальнымиальнымиальнымиальнымиальнымиальнымиальнымиальнымиальнымиальнымиальнымиальнымиальнымиальнымиальнымиальнымиальнымиальнымиальнымиальнымиальнымиальнымиальнымиальнымиальнымиальнымиальнымиальнымиальнымиальнымиальнымиальнымиальнымиальнымиальнымиальнымиальнымиальнымиальнымиальнымиальнымиальнымиальнымиальнымиальнымиальнымиальнымиальнымиальнымиальнымиальными", "numeric_answer": null, "relative_error": null, "thinking_text": null, "has_tool_call": false, "tool_call": null, "usage": {"prompt_tokens": 101, "completion_tokens": 256, "total_tokens": 357, "token_count_source": "tokenizer"}, "decoding": {"temperature": 0.2, "top_p": null, "top_k": null, "max_tokens": 256, "seed": 42}, "prompt_tokens": 101, "completion_tokens": 256, "total_tokens": 357, "token_count_source": "tokenizer", "diffusion_steps": null, "flops_estimate": null, "flops_arch": null, "flops_model_params": null, "flops_active_params": null, "tokens_non_final": 1, "tokens_reasoning": 0, "tokens_response": 1, "elapsed_seconds": 18.434064865112305, "judgement": "Uncategorized"}
{"id": "travel_time_000608", "topic": "travel_time", "subtopic": "drive_time", "prompt": "You need to travel about 87 miles at around 25 mph. About how many hours will it take?", "exact_value": 3.468, "model": "tiiuae/Falcon-H1-7B-Instruct", "provider": "transformers", "response": "альнымиальнымиальнымиальнымиальнымиальнымиальнымиальнымиальнымиальнымиальнымиальнымиальнымиальнымиальнымиальнымиальнымиальнымиальнымиальнымиальнымиальнымиальнымиальнымиальнымиальнымиальнымиальнымиальнымиальнымиальнымиальнымиальнымиальнымиальнымиальнымиальнымиальнымиальнымиальнымиальнымиальнымиальнымиальнымиальнымиальнымиальнымиальнымиальнымиальнымиальнымиальнымиальнымиальнымиальнымиальнымиальнымиальнымиальнымиальнымиальнымиальнымиальнымиальнымиальнымиальнымиальнымиальнымиальнымиальнымиальнымиальнымиальнымиальнымиальнымиальнымиальнымиальнымиальнымиальнымиальнымиальнымиальнымиальнымиальнымиальнымиальнымиальнымиальнымиальнымиальнымиальнымиальнымиальнымиальнымиальнымиальнымиальнымиальнымиальнымиальнымиальнымиальнымиальнымиальнымиальнымиальнымиальнымиальнымиальнымиальнымиальнымиальнымиальнымиальнымиальнымиальнымиальнымиальнымиальнымиальнымиальнымиальнымиальнымиальнымиальнымиальнымиальнымиальнымиальнымиальнымиальнымиальнымиальнымиальнымиальнымиальнымиальнымиальнымиальнымиальнымиальнымиальнымиальнымиальнымиальнымиальнымиальнымиальнымиальнымиальнымиальнымиальнымиальнымиальнымиальнымиальнымиальнымиальнымиальнымиальнымиальнымиальнымиальнымиальнымиальнымиальнымиальнымиальнымиальнымиальнымиальнымиальнымиальнымиальнымиальнымиальнымиальнымиальнымиальнымиальнымиальнымиальнымиальнымиальнымиальнымиальнымиальнымиальнымиальнымиальнымиальнымиальнымиальнымиальнымиальнымиальнымиальнымиальнымиальнымиальнымиальнымиальнымиальнымиальнымиальнымиальнымиальнымиальнымиальнымиальнымиальнымиальнымиальнымиальнымиальнымиальнымиальнымиальнымиальнымиальнымиальнымиальнымиальнымиальнымиальнымиальнымиальнымиальнымиальнымиальнымиальнымиальнымиальнымиальнымиальнымиальнымиальнымиальнымиальнымиальнымиальнымиальнымиальнымиальнымиальнымиальнымиальнымиальнымиальнымиальнымиальнымиальнымиальнымиальнымиальными", "numeric_answer": null, "relative_error": null, "thinking_text": null, "has_tool_call": false, "tool_call": null, "usage": {"prompt_tokens": 101, "completion_tokens": 256, "total_tokens": 357, "token_count_source": "tokenizer"}, "decoding": {"temperature": 0.2, "top_p": null, "top_k": null, "max_tokens": 256, "seed": 42}, "prompt_tokens": 101, "completion_tokens": 256, "total_tokens": 357, "token_count_source": "tokenizer", "diffusion_steps": null, "flops_estimate": null, "flops_arch": null, "flops_model_params": null, "flops_active_params": null, "tokens_non_final": 1, "tokens_reasoning": 0, "tokens_response": 1, "elapsed_seconds": 18.404215812683105, "judgement": "Uncategorized"}
{"id": "travel_time_000628", "topic": "travel_time", "subtopic": "drive_time", "prompt": "You need to travel about 236 miles at around 45 mph. About how many hours will it take?", "exact_value": 5.2444444444444445, "model": "tiiuae/Falcon-H1-7B-Instruct", "provider": "transformers", "response": "�альное ответично решение согласно правилальным указанияальнымальнымальнымальнымальнымальнымальнымальнымальнымальнымальнымальнымальнымальнымальнымальнымальнымальнымальнымальнымальнымальнымальнымальнымальнымальнымальнымальнымальнымальнымальнымальнымальнымальнымальнымальнымальнымальнымальнымальнымальнымальнымальнымальнымальнымальнымальнымальнымальнымальнымальнымальнымальнымальнымальнымальнымальнымальнымальнымальнымальнымальнымальнымальнымальнымальнымальнымальнымальнымальнымальнымальнымальнымальнымальнымальнымальнымальнымальнымальнымальнымальнымальнымальнымальнымальнымальнымальнымальнымальнымальнымальнымальнымальнымальнымальнымальнымальнымальнымальнымальнымальнымальнымальнымальнымальнымальнымальнымальнымальнымальнымальнымальнымальнымальнымальнымальнымальнымальнымальнымальнымальнымальнымальнымальнымальнымальнымальнымальнымальнымальнымальнымальнымальнымальнымальнымальнымальнымальнымальнымальнымальнымальнымальнымальнымальнымальнымальнымальнымальнымальнымальнымальнымальнымальнымальнымальнымальнымальнымальнымальнымальнымальнымальнымальнымальнымальнымальнымальнымальнымальнымальнымальнымальнымальнымальнымальнымальнымальнымальнымальнымальнымальнымальнымальнымальнымальнымальнымальнымальнымальнымальнымальнымальнымальнымальнымальнымальнымальнымальнымальнымальнымальнымальнымальнымальнымальнымальнымальнымальнымальнымальнымальнымальнымальнымальнымальнымальнымальнымальнымальнымальнымальнымальнымальнымальнымальнымальнымальнымальнымальнымальнымальнымальнымальнымальнымальнымальнымальнымальнымальнымальнымальнымальнымальнымальным", "numeric_answer": null, "relative_error": null, "thinking_text": null, "has_tool_call": false, "tool_call": null, "usage": {"prompt_tokens": 102, "completion_tokens": 256, "total_tokens": 358, "token_count_source": "tokenizer"}, "decoding": {"temperature": 0.2, "top_p": null, "top_k": null, "max_tokens": 256, "seed": 42}, "prompt_tokens": 102, "completion_tokens": 256, "total_tokens": 358, "token_count_source": "tokenizer", "diffusion_steps": null, "flops_estimate": null, "flops_arch": null, "flops_model_params": null, "flops_active_params": null, "tokens_non_final": 6, "tokens_reasoning": 0, "tokens_response": 6, "elapsed_seconds": 19.399004697799683, "judgement": "Uncategorized"}
{"id": "travel_time_000648", "topic": "travel_time", "subtopic": "drive_time", "prompt": "You need to travel about 202 miles at around 45 mph. About how many hours will it take?", "exact_value": 4.497777777777778, "model": "tiiuae/Falcon-H1-7B-Instruct", "provider": "transformers", "response": "�альное ответично решение согласно правилальным указанияальным согласно правилальным указанияальным согласно правилальным согласно правилальным согласно согласно согласно согласно согласно согласно согласно согласно согласно согласно согласно согласно согласно согласно согласно согласно согласно согласно согласно согласно согласно согласно согласно согласно согласно согласно согласно согласно согласно согласно согласно согласно согласно согласно согласно согласно согласно согласно согласно согласно согласно согласно согласно согласно согласно согласно согласно согласно согласно согласно согласно согласно согласно согласно согласно согласно согласно согласно согласно согласно согласно согласно согласно согласно согласно согласно согласно согласно согласно согласно согласно согласно согласно согласно согласно согласно согласно согласно согласно согласно согласно согласно согласно согласно согласно согласно согласно согласно согласно согласно согласно согласно согласно согласно согласно согласно согласно согласно согласно согласно согласно согласно согласно согласно согласно согласно согласно согласно согласно согласно согласно согласно согласно согласно согласно согласно согласно согласно согласно согласно согласно согласно согласно согласно согласно согласно согласно согласно согласно согласно согласно согласно согласно согласно согласно согласно согласно согласно согласно согласно согласно согласно согласно согласно согласно согласно согласно согласно согласно согласно согласно согласно согласно согласно согласно согласно согласно согласно согласно согласно согласно согласно согласно согласно согласно согласно согласно согласно согласно согласно согласно согласно согласно согласно согласно согласно согласно согласно согласно согласно согласно согласно согласно согласно согласно согласно согласно согласно согласно согласно согласно согласно согласно согласно согласно согласно согласно согласно согласно согласно согласно согласно согласно согласно согласно согласно согласно согласно согласно согласно согласно согласно согласно согласно согласно согласно согласно согласно согласно согласно согласно согласно согласно согласно согласно согласно согласно согласно согласно согласно согласно согласно согласно", "numeric_answer": null, "relative_error": null, "thinking_text": null, "has_tool_call": false, "tool_call": null, "usage": {"prompt_tokens": 102, "completion_tokens": 256, "total_tokens": 358, "token_count_source": "tokenizer"}, "decoding": {"temperature": 0.2, "top_p": null, "top_k": null, "max_tokens": 256, "seed": 42}, "prompt_tokens": 102, "completion_tokens": 256, "total_tokens": 358, "token_count_source": "tokenizer", "diffusion_steps": null, "flops_estimate": null, "flops_arch": null, "flops_model_params": null, "flops_active_params": null, "tokens_non_final": 246, "tokens_reasoning": 0, "tokens_response": 246, "elapsed_seconds": 19.219924688339233, "judgement": "Uncategorized"}
{"id": "travel_time_000668", "topic": "travel_time", "subtopic": "drive_time", "prompt": "You need to travel about 140 miles at around 25 mph. About how many hours will it take?", "exact_value": 5.6160000000000005, "model": "tiiuae/Falcon-H1-7B-Instruct", "provider": "transformers", "response": "�альное ответично решение согласно правилальным указанияальным согласно правилальным указанияальным согласно правилальным согласно правилальным согласно согласно согласно согласно согласно согласно согласно согласно согласно согласно согласно согласно согласно согласно согласно согласно согласно согласно согласно согласно согласно согласно согласно согласно согласно согласно согласно согласно согласно согласно согласно согласно согласно согласно согласно согласно согласно согласно согласно согласно согласно согласно согласно согласно согласно согласно согласно согласно согласно согласно согласно согласно согласно согласно согласно согласно согласно согласно согласно согласно согласно согласно согласно согласно согласно согласно согласно согласно согласно согласно согласно согласно согласно согласно согласно согласно согласно согласно согласно согласно согласно согласно согласно согласно согласно согласно согласно согласно согласно согласно согласно согласно согласно согласно согласно согласно согласно согласно согласно согласно согласно согласно согласно согласно согласно согласно согласно согласно согласно согласно согласно согласно согласно согласно согласно согласно согласно согласно согласно согласно согласно согласно согласно согласно согласно согласно согласно согласно согласно согласно согласно согласно согласно согласно согласно согласно согласно согласно согласно согласно согласно согласно согласно согласно согласно согласно согласно согласно согласно согласно согласно согласно согласно согласно согласно согласно согласно согласно согласно согласно согласно согласно согласно согласно согласно согласно согласно согласно согласно согласно согласно согласно согласно согласно согласно согласно согласно согласно согласно согласно согласно согласно согласно согласно согласно согласно согласно согласно согласно согласно согласно согласно согласно согласно согласно согласно согласно согласно согласно согласно согласно согласно согласно согласно согласно согласно согласно согласно согласно согласно согласно согласно согласно согласно согласно согласно согласно согласно согласно согласно согласно согласно согласно согласно согласно согласно согласно согласно согласно согласно согласно согласно согласно", "numeric_answer": null, "relative_error": null, "thinking_text": null, "has_tool_call": false, "tool_call": null, "usage": {"prompt_tokens": 102, "completion_tokens": 256, "total_tokens": 358, "token_count_source": "tokenizer"}, "decoding": {"temperature": 0.2, "top_p": null, "top_k": null, "max_tokens": 256, "seed": 42}, "prompt_tokens": 102, "completion_tokens": 256, "total_tokens": 358, "token_count_source": "tokenizer", "diffusion_steps": null, "flops_estimate": null, "flops_arch": null, "flops_model_params": null, "flops_active_params": null, "tokens_non_final": 246, "tokens_reasoning": 0, "tokens_response": 246, "elapsed_seconds": 19.231648445129395, "judgement": "Uncategorized"}
{"id": "travel_time_000688", "topic": "travel_time", "subtopic": "drive_time", "prompt": "You need to travel about 10 miles at around 65 mph. About how many hours will it take?", "exact_value": 0.1523076923076923, "model": "tiiuae/Falcon-H1-7B-Instruct", "provider": "transformers", "response": "�альное ответ согласно правилам насколько точно могу согласно предоставленной информации насколько точно могу согласно предоставленной информации насколько точно могу согласно предоставленной информации насколько точно могу согласно предоставленнойации насколько точно могу согласно предоставленнойации насколько точно могу согласно предоставленнойации насколько точно могу согласно предоставленнойации насколько точно могу согласно предоставленнойации насколько точно могу согласно предоставленнойации насколько точно могу согласно предоставленнойации насколько точно могу согласно предоставленнойации насколько точно могу согласно предоставленнойации насколько точно могу согласно предоставленнойации насколько точно могу согласно предоставленнойации насколько точно могу согласно предоставленнойации насколько точно могу согласно предоставленнойации насколько точно могу согласно предоставленнойации насколько точно могу согласно предоставленнойации насколько точно могу согласно предоставленнойации насколько точно могу согласно предоставленнойации насколько точно могу согласно предоставленнойации насколько точно могу согласно предоставленнойации насколько точно могу согласно предоставленнойации насколько точно могу согласно предоставленнойации насколько точно могу согласно предоставленнойации насколько точно могу согласно предоставленнойации насколько точно могу согласно предоставленнойации насколько точно могу согласно предоставленнойации насколько точно могу согласно предоставленнойации насколько точно могу согласно предоставленнойации насколько точно могу согласно предоставленнойации насколько точно могу согласно предоставленнойации насколько точно могу согласно предоставленнойации насколько точно могу согласно предоставленнойации насколько точно могу согласно предоставленнойации насколько точно могу согласно предостав", "numeric_answer": null, "relative_error": null, "thinking_text": null, "has_tool_call": false, "tool_call": null, "usage": {"prompt_tokens": 101, "completion_tokens": 256, "total_tokens": 357, "token_count_source": "tokenizer"}, "decoding": {"temperature": 0.2, "top_p": null, "top_k": null, "max_tokens": 256, "seed": 42}, "prompt_tokens": 101, "completion_tokens": 256, "total_tokens": 357, "token_count_source": "tokenizer", "diffusion_steps": null, "flops_estimate": null, "flops_arch": null, "flops_model_params": null, "flops_active_params": null, "tokens_non_final": 187, "tokens_reasoning": 0, "tokens_response": 187, "elapsed_seconds": 19.42525601387024, "judgement": "Uncategorized"}
{"id": "travel_time_000708", "topic": "travel_time", "subtopic": "drive_time", "prompt": "You need to travel about 187 miles at around 35 mph. About how many hours will it take?", "exact_value": 5.345714285714285, "model": "tiiuae/Falcon-H1-7B-Instruct", "provider": "transformers", "response": "�альное ответ согласно правилальным согласно предоставленной информации насколько возможно точно насколько возможно насколько точно насколько возможно насколько точно насколько возможно насколько точно насколько возможно насколько точно насколько возможно насколько точно насколько возможно насколько точно насколько возможно насколько точно насколько возможно насколько точно насколько возможно насколько точно насколько возможно насколько точно насколько возможно насколько точно насколько возможно насколько точно насколько возможно насколько точно насколько возможно насколько точно насколько возможно насколько точно насколько возможно насколько точно насколько возможно насколько точно насколько возможно насколько точно насколько возможно насколько точно насколько возможно насколько точно насколько возможно насколько точно насколько возможно насколько точно насколько возможно насколько точно насколько возможно насколько точно насколько возможно насколько точно насколько возможно насколько точно насколько возможно насколько точно насколько возможно насколько точно насколько возможно насколько точно насколько возможно насколько точно насколько возможно насколько точно насколько возможно насколько точно насколько возможно насколько точно насколько возможно насколько точно насколько возможно насколько точно насколько возможно насколько точно насколько возможно насколько точно насколько возможно насколько точно насколько возможно насколько точно насколько возможно насколько точно насколько возможно насколько точно насколько возможно насколько точно насколько возможно насколько точно насколько возможно насколько точно насколько возможно насколько точно насколько возможно насколько точно насколько возможно насколько точно насколько возможно насколько точно насколько возможно насколько точно насколько возможно насколько точно насколько возможно насколько точно насколько возможно насколько точно насколько возможно насколько точно насколько возможно насколько точно насколько возможно насколько точно насколько возможно насколько точно насколько возможно насколько точно насколько возможно насколько точно насколько возможно насколько точно насколько возможно насколько точно насколько возможно насколько", "numeric_answer": null, "relative_error": null, "thinking_text": null, "has_tool_call": false, "tool_call": null, "usage": {"prompt_tokens": 102, "completion_tokens": 256, "total_tokens": 358, "token_count_source": "tokenizer"}, "decoding": {"temperature": 0.2, "top_p": null, "top_k": null, "max_tokens": 256, "seed": 42}, "prompt_tokens": 102, "completion_tokens": 256, "total_tokens": 358, "token_count_source": "tokenizer", "diffusion_steps": null, "flops_estimate": null, "flops_arch": null, "flops_model_params": null, "flops_active_params": null, "tokens_non_final": 253, "tokens_reasoning": 0, "tokens_response": 253, "elapsed_seconds": 19.3568115234375, "judgement": "Uncategorized"}
{"id": "travel_time_000728", "topic": "travel_time", "subtopic": "drive_time", "prompt": "You need to travel about 85 miles at around 35 mph. About how many hours will it take?", "exact_value": 2.42, "model": "tiiuae/Falcon-H1-7B-Instruct", "provider": "transformers", "response": "�альное ответ согласно правилальным требованиям насколько возможноальноальноальноальноальноальноальноальноальноальноальноальноальноальноальноальноальноальноальноальноальноальноальноальноальноальноальноальноальноальноальноальноальноальноальноальноальноальноальноальноальноальноальноальноальноальноальноальноальноальноальноальноальноальноальноальноальноальноальноальноальноальноальноальноальноальноальноальноальноальноальноальноальноальноальноальноальноальноальноальноальноальноальноальноальноальноальноальноальноальноальноальноальноальноальноальноальноальноальноальноальноальноальноальноальноальноальноальноальноальноальноальноальноальноальноальноальноальноальноальноальноальноальноальноальноальноальноальноальноальноальноальноальноальноальноальноальноальноальноальноальноальноальноальноальноальноальноальноальноальноальноальноальноальноальноальноальноальноальноальноальноальноальноальноальноальноальноальноальноальноальноальноальноальноальноальноальноальноальноальноальноальноальноальноальноальноальноальноальноальноальноальноальноальноальноальноальноальноальноальноальноальноальноальноальноальноальноальноальноальноальноальноальноальноальноальноальноальноальноальноальноальноальноальноальноальноальноальноальноальноальноальноальноальноальноальноальноальноальноальноальноальноальноальноальноальноально", "numeric_answer": null, "relative_error": null, "thinking_text": null, "has_tool_call": false, "tool_call": null, "usage": {"prompt_tokens": 101, "completion_tokens": 256, "total_tokens": 357, "token_count_source": "tokenizer"}, "decoding": {"temperature": 0.2, "top_p": null, "top_k": null, "max_tokens": 256, "seed": 42}, "prompt_tokens": 101, "completion_tokens": 256, "total_tokens": 357, "token_count_source": "tokenizer", "diffusion_steps": null, "flops_estimate": null, "flops_arch": null, "flops_model_params": null, "flops_active_params": null, "tokens_non_final": 7, "tokens_reasoning": 0, "tokens_response": 7, "elapsed_seconds": 18.771647691726685, "judgement": "Uncategorized"}
{"id": "travel_time_000748", "topic": "travel_time", "subtopic": "drive_time", "prompt": "You need to travel about 45 miles at around 55 mph. About how many hours will it take?", "exact_value": 0.8200000000000001, "model": "tiiuae/Falcon-H1-7B-Instruct", "provider": "transformers", "response": "�альное ответ согласно правилальным согласно предоставленной информации насколько возможно точно насколько возможно согласно предоставленной информации насколько возможно точно согласно предоставленной информации насколько возможно точно согласно предоставленнойации насколько возможно согласно предоставленнойации насколько возможно согласно согласно согласно согласно согласно согласно согласно согласно согласно согласно согласно согласно согласно согласно согласно согласно согласно согласно согласно согласно согласно согласно согласно согласно согласно согласно согласно согласно согласно согласно согласно согласно согласно согласно согласно согласно согласно согласно согласно согласно согласно согласно согласно согласно согласно согласно согласно согласно согласно согласно согласно согласно согласно согласно согласно согласно согласно согласно согласно согласно согласно согласно согласно согласно согласно согласно согласно согласно согласно согласно согласно согласно согласно согласно согласно согласно согласно согласно согласно согласно согласно согласно согласно согласно согласно согласно согласно согласно согласно согласно согласно согласно согласно согласно согласно согласно согласно согласно согласно согласно согласно согласно согласно согласно согласно согласно согласно согласно согласно согласно согласно согласно согласно согласно согласно согласно согласно согласно согласно согласно согласно согласно согласно согласно согласно согласно согласно согласно согласно согласно согласно согласно согласно согласно согласно согласно согласно согласно согласно согласно согласно согласно согласно согласно согласно согласно согласно согласно согласно согласно согласно согласно согласно согласно согласно согласно согласно согласно согласно согласно согласно согласно согласно согласно согласно согласно согласно согласно согласно согласно согласно согласно согласно согласно согласно согласно согласно согласно согласно согласно согласно согласно согласно согласно согласно согласно согласно согласно согласно согласно согласно согласно согласно согласно согласно согласно согласно согласно согласно согласно согласно согласно согласно согласно согласно согласно согласно согласно согласно согласно согласно согласно согласно согласно согласно", "numeric_answer": null, "relative_error": null, "thinking_text": null, "has_tool_call": false, "tool_call": null, "usage": {"prompt_tokens": 101, "completion_tokens": 256, "total_tokens": 357, "token_count_source": "tokenizer"}, "decoding": {"temperature": 0.2, "top_p": null, "top_k": null, "max_tokens": 256, "seed": 42}, "prompt_tokens": 101, "completion_tokens": 256, "total_tokens": 357, "token_count_source": "tokenizer", "diffusion_steps": null, "flops_estimate": null, "flops_arch": null, "flops_model_params": null, "flops_active_params": null, "tokens_non_final": 247, "tokens_reasoning": 0, "tokens_response": 247, "elapsed_seconds": 19.308549404144287, "judgement": "Uncategorized"}
{"id": "travel_time_000768", "topic": "travel_time", "subtopic": "drive_time", "prompt": "You need to travel about 174 miles at around 55 mph. About how many hours will it take?", "exact_value": 3.1563636363636363, "model": "tiiuae/Falcon-H1-7B-Instruct", "provider": "transformers", "response": "�альное ответично решение согласно правилальным указанияальным согласно правилальным указанияальным согласно правилальным согласно правилальным согласно согласно согласно согласно согласно согласно согласно согласно согласно согласно согласно согласно согласно согласно согласно согласно согласно согласно согласно согласно согласно согласно согласно согласно согласно согласно согласно согласно согласно согласно согласно согласно согласно согласно согласно согласно согласно согласно согласно согласно согласно согласно согласно согласно согласно согласно согласно согласно согласно согласно согласно согласно согласно согласно согласно согласно согласно согласно согласно согласно согласно согласно согласно согласно согласно согласно согласно согласно согласно согласно согласно согласно согласно согласно согласно согласно согласно согласно согласно согласно согласно согласно согласно согласно согласно согласно согласно согласно согласно согласно согласно согласно согласно согласно согласно согласно согласно согласно согласно согласно согласно согласно согласно согласно согласно согласно согласно согласно согласно согласно согласно согласно согласно согласно согласно согласно согласно согласно согласно согласно согласно согласно согласно согласно согласно согласно согласно согласно согласно согласно согласно согласно согласно согласно согласно согласно согласно согласно согласно согласно согласно согласно согласно согласно согласно согласно согласно согласно согласно согласно согласно согласно согласно согласно согласно согласно согласно согласно согласно согласно согласно согласно согласно согласно согласно согласно согласно согласно согласно согласно согласно согласно согласно согласно согласно согласно согласно согласно согласно согласно согласно согласно согласно согласно согласно согласно согласно согласно согласно согласно согласно согласно согласно согласно согласно согласно согласно согласно согласно согласно согласно согласно согласно согласно согласно согласно согласно согласно согласно согласно согласно согласно согласно согласно согласно согласно согласно согласно согласно согласно согласно согласно согласно согласно согласно согласно согласно согласно согласно согласно согласно согласно согласно", "numeric_answer": null, "relative_error": null, "thinking_text": null, "has_tool_call": false, "tool_call": null, "usage": {"prompt_tokens": 102, "completion_tokens": 256, "total_tokens": 358, "token_count_source": "tokenizer"}, "decoding": {"temperature": 0.2, "top_p": null, "top_k": null, "max_tokens": 256, "seed": 42}, "prompt_tokens": 102, "completion_tokens": 256, "total_tokens": 358, "token_count_source": "tokenizer", "diffusion_steps": null, "flops_estimate": null, "flops_arch": null, "flops_model_params": null, "flops_active_params": null, "tokens_non_final": 246, "tokens_reasoning": 0, "tokens_response": 246, "elapsed_seconds": 18.904792070388794, "judgement": "Uncategorized"}
{"id": "travel_time_000788", "topic": "travel_time", "subtopic": "drive_time", "prompt": "You need to travel about 88 miles at around 65 mph. About how many hours will it take?", "exact_value": 1.3507692307692307, "model": "tiiuae/Falcon-H1-7B-Instruct", "provider": "transformers", "response": "�альное ответ согласно правилам насколько точно могу согласно предоставленной информации насколько точно могу согласно предоставленной информации насколько точно могу согласно предоставленной информации насколько точно могу согласно предоставленнойации насколько точно могу согласно предоставленнойации насколько точно могу согласно предоставленнойации насколько точно могу согласно предоставленнойации насколько точно могу согласно предоставленнойации насколько точно могу согласно предоставленнойации насколько точно могу согласно предоставленнойации насколько точно могу согласно предоставленнойации насколько точно могу согласно предоставленнойации насколько точно могу согласно предоставленнойации насколько точно могу согласно предоставленнойации насколько точно могу согласно предоставленнойации насколько точно могу согласно предоставленнойации насколько точно могу согласно предоставленнойации насколько точно могу согласно предоставленнойации насколько точно могу согласно предоставленнойации насколько точно могу согласно предоставленнойации насколько точно могу согласно предоставленнойации насколько точно могу согласно предоставленнойации насколько точно могу согласно предоставленнойации насколько точно могу согласно предоставленнойации насколько точно могу согласно предоставленнойации насколько точно могу согласно предоставленнойации насколько точно могу согласно предоставленнойации насколько точно могу согласно предоставленнойации насколько точно могу согласно предоставленнойации насколько точно могу согласно предоставленнойации насколько точно могу согласно предоставленнойации насколько точно могу согласно предоставленнойации насколько точно могу согласно предоставленнойации насколько точно могу согласно предоставленнойации насколько точно могу согласно предоставленнойации насколько точно могу согласно предостав", "numeric_answer": null, "relative_error": null, "thinking_text": null, "has_tool_call": false, "tool_call": null, "usage": {"prompt_tokens": 101, "completion_tokens": 256, "total_tokens": 357, "token_count_source": "tokenizer"}, "decoding": {"temperature": 0.2, "top_p": null, "top_k": null, "max_tokens": 256, "seed": 42}, "prompt_tokens": 101, "completion_tokens": 256, "total_tokens": 357, "token_count_source": "tokenizer", "diffusion_steps": null, "flops_estimate": null, "flops_arch": null, "flops_model_params": null, "flops_active_params": null, "tokens_non_final": 187, "tokens_reasoning": 0, "tokens_response": 187, "elapsed_seconds": 19.457578659057617, "judgement": "Uncategorized"}
{"id": "travel_time_000808", "topic": "travel_time", "subtopic": "drive_time", "prompt": "You need to travel about 224 miles at around 35 mph. About how many hours will it take?", "exact_value": 6.402857142857143, "model": "tiiuae/Falcon-H1-7B-Instruct", "provider": "transformers", "response": "�альное ответ согласно правилальным согласно указанным правилальным согласно указанным правилальным согласно указанным правилальным согласноальным согласноальным согласноальным согласноальным согласноальным согласноальным согласноальным согласноальным согласноальным согласноальным согласноальным согласноальным согласноальным согласноальным согласноальным согласноальным согласноальным согласноальным согласноальным согласноальным согласноальным согласноальным согласноальным согласноальным согласноальным согласноальным согласноальным согласноальным согласноальным согласноальным согласноальным согласноальным согласноальным согласноальным согласноальным согласноальным согласноальным согласноальным согласноальным согласноальным согласноальным согласноальным согласноальным согласноальным согласноальным согласноальным согласноальным согласноальным согласноальным согласноальным согласноальным согласноальным согласноальным согласноальным согласноальным согласноальным согласноальным согласноальным согласноальным согласноальным согласноальным согласноальным согласноальным согласноальным согласноальным согласноальным согласноальным согласноальным согласноальным согласноальным согласноальным согласноальным согласноальным согласноальным согласноальным согласноальным согласноальным согласноальным согласноальным согласноальным согласноальным согласноальным согласноальным согласноальным согласноальным согласноальным согласноальным согласноальным согласноальным согласноальным согласноальным согласноальным согласноальным согласноальным согласноальным согласноальным согласноальным согласноальным согласноальным согласноальным согласноальным согласноальным согласноальным согласноальным согласноальным согласноальным согласноальным согласноальным согласноальным согласноальным согласноальным согласноальным согласноальным согласноальным согласноальным согласноальным согласноальным согласно", "numeric_answer": null, "relative_error": null, "thinking_text": null, "has_tool_call": false, "tool_call": null, "usage": {"prompt_tokens": 102, "completion_tokens": 256, "total_tokens": 358, "token_count_source": "tokenizer"}, "decoding": {"temperature": 0.2, "top_p": null, "top_k": null, "max_tokens": 256, "seed": 42}, "prompt_tokens": 102, "completion_tokens": 256, "total_tokens": 358, "token_count_source": "tokenizer", "diffusion_steps": null, "flops_estimate": null, "flops_arch": null, "flops_model_params": null, "flops_active_params": null, "tokens_non_final": 131, "tokens_reasoning": 0, "tokens_response": 131, "elapsed_seconds": 19.11969256401062, "judgement": "Uncategorized"}
{"id": "travel_time_000828", "topic": "travel_time", "subtopic": "drive_time", "prompt": "You need to travel about 153 miles at around 45 mph. About how many hours will it take?", "exact_value": 3.391111111111111, "model": "tiiuae/Falcon-H1-7B-Instruct", "provider": "transformers", "response": "�альное ответ согласно правилальным согласно правилальным согласно правилальным согласно согласно согласно согласно согласно согласно согласно согласно согласно согласно согласно согласно согласно согласно согласно согласно согласно согласно согласно согласно согласно согласно согласно согласно согласно согласно согласно согласно согласно согласно согласно согласно согласно согласно согласно согласно согласно согласно согласно согласно согласно согласно согласно согласно согласно согласно согласно согласно согласно согласно согласно согласно согласно согласно согласно согласно согласно согласно согласно согласно согласно согласно согласно согласно согласно согласно согласно согласно согласно согласно согласно согласно согласно согласно согласно согласно согласно согласно согласно согласно согласно согласно согласно согласно согласно согласно согласно согласно согласно согласно согласно согласно согласно согласно согласно согласно согласно согласно согласно согласно согласно согласно согласно согласно согласно согласно согласно согласно согласно согласно согласно согласно согласно согласно согласно согласно согласно согласно согласно согласно согласно согласно согласно согласно согласно согласно согласно согласно согласно согласно согласно согласно согласно согласно согласно согласно согласно согласно согласно согласно согласно согласно согласно согласно согласно согласно согласно согласно согласно согласно согласно согласно согласно согласно согласно согласно согласно согласно согласно согласно согласно согласно согласно согласно согласно согласно согласно согласно согласно согласно согласно согласно согласно согласно согласно согласно согласно согласно согласно согласно согласно согласно согласно согласно согласно согласно согласно согласно согласно согласно согласно согласно согласно согласно согласно согласно согласно согласно согласно согласно согласно согласно согласно согласно согласно согласно согласно согласно согласно согласно согласно согласно согласно согласно согласно согласно согласно согласно согласно согласно согласно согласно согласно согласно согласно согласно согласно согласно согласно согласно согласно согласно согласно согласно согласно согласно согласно согласно согласно согласно согласно согласно согласно согласно", "numeric_answer": null, "relative_error": null, "thinking_text": null, "has_tool_call": false, "tool_call": null, "usage": {"prompt_tokens": 102, "completion_tokens": 256, "total_tokens": 358, "token_count_source": "tokenizer"}, "decoding": {"temperature": 0.2, "top_p": null, "top_k": null, "max_tokens": 256, "seed": 42}, "prompt_tokens": 102, "completion_tokens": 256, "total_tokens": 358, "token_count_source": "tokenizer", "diffusion_steps": null, "flops_estimate": null, "flops_arch": null, "flops_model_params": null, "flops_active_params": null, "tokens_non_final": 252, "tokens_reasoning": 0, "tokens_response": 252, "elapsed_seconds": 19.220386028289795, "judgement": "Uncategorized"}
{"id": "travel_time_000848", "topic": "travel_time", "subtopic": "drive_time", "prompt": "You need to travel about 192 miles at around 25 mph. About how many hours will it take?", "exact_value": 7.7, "model": "tiiuae/Falcon-H1-7B-Instruct", "provider": "transformers", "response": "�альное ответ согласно правилальным согласно правилальным согласно правилальным согласно правилальным согласно правилальным согласно правилальным согласно правилальным согласно правилальным согласно правилальным согласно правилальным согласно правилальным согласно правилальным согласно правилальным согласно правилальным согласно правилальным согласно правилальным согласно правилальным согласно правилальным согласно правилальным согласно правилальным согласно правилальным согласно правилальным согласно правилальным согласно правилальным согласно правилальным согласно правилальным согласно правилальным согласно правилальным согласно правилальным согласно правилальным согласно правилальным согласно правилальным согласно правилальным согласно правилальным согласно правилальным согласно правилальным согласно правилальным согласно правилальным согласно правилальным согласно правилальным согласно правилальным согласно правилальным согласно правилальным согласно правилальным согласно правилальным согласно правилальным согласно правилальным согласно правилальным согласно правилальным согласно правилальным согласно правилальным согласно правилальным согласно правилальным согласно правилальным согласно правилальным согласно правилальным согласно правилальным согласно правилальным согласно правилальным согласно правилальным согласно правилальным согласно правилальным согласно правилальным согласно правилальным согласно правилальным согласно правилальным согласно правилальным согласно правилальным согласно правилальным согласно правилальным согласно правилальным согласно правилальным согласно правилальным согласно правилальным согласно правилальным согласно правилальным согласно правилальным согласно правилальным согласно правилальным согласно правилальным согласно правилальным согласно правилальным согласно правилальным согласно правилальным согласно", "numeric_answer": null, "relative_error": null, "thinking_text": null, "has_tool_call": false, "tool_call": null, "usage": {"prompt_tokens": 102, "completion_tokens": 256, "total_tokens": 358, "token_count_source": "tokenizer"}, "decoding": {"temperature": 0.2, "top_p": null, "top_k": null, "max_tokens": 256, "seed": 42}, "prompt_tokens": 102, "completion_tokens": 256, "total_tokens": 358, "token_count_source": "tokenizer", "diffusion_steps": null, "flops_estimate": null, "flops_arch": null, "flops_model_params": null, "flops_active_params": null, "tokens_non_final": 171, "tokens_reasoning": 0, "tokens_response": 171, "elapsed_seconds": 20.10637927055359, "judgement": "Uncategorized"}
{"id": "travel_time_000868", "topic": "travel_time", "subtopic": "drive_time", "prompt": "You need to travel about 145 miles at around 25 mph. About how many hours will it take?", "exact_value": 5.792000000000001, "model": "tiiuae/Falcon-H1-7B-Instruct", "provider": "transformers", "response": "альными расчетами согласно формулированию задачи мы получаем следующее значение времени в часах насколько точно насколько возможно согласно предоставленной информации насколько точно насколько возможно насколько насколько насколько насколько насколько насколько насколько насколько насколько насколько насколько насколько насколько насколько насколько насколько насколько насколько насколько насколько насколько насколько насколько насколько насколько насколько насколько насколько насколько насколько насколько насколько насколько насколько насколько насколько насколько насколько насколько насколько насколько насколько насколько насколько насколько насколько насколько насколько насколько насколько насколько насколько насколько насколько насколько насколько насколько насколько насколько насколько насколько насколько насколько насколько насколько насколько насколько насколько насколько насколько насколько насколько насколько насколько насколько насколько насколько насколько насколько насколько насколько насколько насколько насколько насколько насколько насколько насколько насколько насколько насколько насколько насколько насколько насколько насколько насколько насколько насколько насколько насколько насколько насколько насколько насколько насколько насколько насколько насколько насколько насколько насколько насколько насколько насколько насколько насколько насколько насколько насколько насколько насколько насколько насколько насколько насколько насколько насколько насколько насколько насколько насколько насколько насколько насколько насколько насколько насколько насколько насколько насколько насколько насколько насколько насколько насколько насколько насколько насколько насколько насколько насколько насколько насколько насколько насколько насколько насколько насколько насколько насколько насколько насколько насколько насколько насколько насколько насколько насколько насколько насколько насколько насколько насколько насколько насколько насколько насколько насколько насколько насколько насколько насколько насколько насколько насколько насколько насколько насколько насколько насколько насколько насколько насколько насколько насколько насколько насколько насколько насколько насколько насколько насколько насколько насколько насколько насколько насколько насколько насколько насколько насколько насколько насколько насколько насколько насколько насколько насколько насколько насколько насколько насколько насколько насколько", "numeric_answer": null, "relative_error": null, "thinking_text": null, "has_tool_call": false, "tool_call": null, "usage": {"prompt_tokens": 102, "completion_tokens": 256, "total_tokens": 358, "token_count_source": "tokenizer"}, "decoding": {"temperature": 0.2, "top_p": null, "top_k": null, "max_tokens": 256, "seed": 42}, "prompt_tokens": 102, "completion_tokens": 256, "total_tokens": 358, "token_count_source": "tokenizer", "diffusion_steps": null, "flops_estimate": null, "flops_arch": null, "flops_model_params": null, "flops_active_params": null, "tokens_non_final": 248, "tokens_reasoning": 0, "tokens_response": 248, "elapsed_seconds": 18.723354816436768, "judgement": "Uncategorized"}
{"id": "travel_time_000888", "topic": "travel_time", "subtopic": "drive_time", "prompt": "You need to travel about 231 miles at around 45 mph. About how many hours will it take?", "exact_value": 5.1288888888888895, "model": "tiiuae/Falcon-H1-7B-Instruct", "provider": "transformers", "response": "ацииацияируяальное решение согласно правиламдацииируяальное решение согласно правилам", "numeric_answer": null, "relative_error": null, "thinking_text": null, "has_tool_call": false, "tool_call": null, "usage": {"prompt_tokens": 102, "completion_tokens": 16, "total_tokens": 118, "token_count_source": "tokenizer"}, "decoding": {"temperature": 0.2, "top_p": null, "top_k": null, "max_tokens": 256, "seed": 42}, "prompt_tokens": 102, "completion_tokens": 16, "total_tokens": 118, "token_count_source": "tokenizer", "diffusion_steps": null, "flops_estimate": null, "flops_arch": null, "flops_model_params": null, "flops_active_params": null, "tokens_non_final": 7, "tokens_reasoning": 0, "tokens_response": 7, "elapsed_seconds": 1.1916933059692383, "judgement": "Uncategorized"}
{"id": "travel_time_000908", "topic": "travel_time", "subtopic": "drive_time", "prompt": "You need to travel about 116 miles at around 55 mph. About how many hours will it take?", "exact_value": 2.1163636363636367, "model": "tiiuae/Falcon-H1-7B-Instruct", "provider": "transformers", "response": "альными расчетами согласно формулированию задачи мы получаем следующее значение времени в часах насколько точно насколько возможно согласно предоставленной информации насколько точно насколько возможно согласно предоставленнойации насколько точно насколько возможно согласно предоставированнойации насколько точно насколько возможно согласно предоставленнойации насколько точно насколько возможно согласно предоставленнойации насколько точно насколько возможно согласно предоставленнойации насколько точно насколько возможно согласно предоставленнойации насколько точно насколько возможно согласно предоставленнойации насколько точно насколько возможно согласно предоставленнойации насколько точно насколько возможно согласно предоставленнойации насколько точно насколько возможно согласно предоставленнойации насколько точно насколько возможно согласно предоставленнойации насколько точно насколько возможно согласно предоставленнойации насколько точно насколько возможно согласно предоставленнойации насколько точно насколько возможно согласно предоставленнойации насколько точно насколько возможно согласно предоставленнойации насколько точно насколько возможно согласно предоставленнойации насколько точно насколько возможно согласно предоставированнойации насколько точно насколько возможно согласно предоставленнойации насколько точно насколько возможно согласно предоставленнойации насколько точно насколько возможно согласно предоставленнойации насколько точно насколько возможно согласно предоставленнойации насколько точно насколько возможно согласно предоставленнойации насколько точно насколько возможно согласно предоставленнойации насколько точно насколько возможно согласно предоставленнойации насколько точно насколько возможно согласно предоставленнойации насколько точно насколько возможно согласно предоставленнойации насколько точно насколько возможно согласно предоставленнойации насколько точно насколько возможно согласно предоставленнойации насколько точно насколько возможно согласно", "numeric_answer": null, "relative_error": null, "thinking_text": null, "has_tool_call": false, "tool_call": null, "usage": {"prompt_tokens": 102, "completion_tokens": 256, "total_tokens": 358, "token_count_source": "tokenizer"}, "decoding": {"temperature": 0.2, "top_p": null, "top_k": null, "max_tokens": 256, "seed": 42}, "prompt_tokens": 102, "completion_tokens": 256, "total_tokens": 358, "token_count_source": "tokenizer", "diffusion_steps": null, "flops_estimate": null, "flops_arch": null, "flops_model_params": null, "flops_active_params": null, "tokens_non_final": 192, "tokens_reasoning": 0, "tokens_response": 192, "elapsed_seconds": 18.81577491760254, "judgement": "Uncategorized"}
{"id": "travel_time_000928", "topic": "travel_time", "subtopic": "drive_time", "prompt": "You need to travel about 63 miles at around 55 mph. About how many hours will it take?", "exact_value": 1.1454545454545455, "model": "tiiuae/Falcon-H1-7B-Instruct", "provider": "transformers", "response": "�альное ответ согласно правилальным указанияальным насколько точноальноальноальноальноальноальноальноальноальноальноальноальноальноальноальноальноальноальноальноальноальноальноальноальноальноальноальноальноальноальноальноальноальноальноальноальноальноальноальноальноальноальноальноальноальноальноальноальноальноальноальноальноальноальноальноальноальноальноальноальноальноальноальноальноальноальноальноальноальноальноальноальноальноальноальноальноальноальноальноальноальноальноальноальноальноальноальноальноальноальноальноальноальноальноальноальноальноальноальноальноальноальноальноальноальноальноальноальноальноальноальноальноальноальноальноальноальноальноальноальноальноальноальноальноальноальноальноальноальноальноальноальноальноальноальноальноальноальноальноальноальноальноальноальноальноальноальноальноальноальноальноальноальноальноальноальноальноальноальноальноальноальноальноальноальноальноальноальноальноальноальноальноальноальноальноальноальноальноальноальноальноальноальноальноальноальноальноальноальноальноальноальноальноальноальноальноальноальноальноальноальноальноальноальноальноальноальноальноальноальноальноальноальноальноальноальноальноальноальноальноальноальноальноальноальноальноальноальноальноальноальноальноальноальноальноальноальноальноальноальноальноальноальноальноально", "numeric_answer": null, "relative_error": null, "thinking_text": null, "has_tool_call": false, "tool_call": null, "usage": {"prompt_tokens": 101, "completion_tokens": 256, "total_tokens": 357, "token_count_source": "tokenizer"}, "decoding": {"temperature": 0.2, "top_p": null, "top_k": null, "max_tokens": 256, "seed": 42}, "prompt_tokens": 101, "completion_tokens": 256, "total_tokens": 357, "token_count_source": "tokenizer", "diffusion_steps": null, "flops_estimate": null, "flops_arch": null, "flops_model_params": null, "flops_active_params": null, "tokens_non_final": 7, "tokens_reasoning": 0, "tokens_response": 7, "elapsed_seconds": 19.319104433059692, "judgement": "Uncategorized"}
{"id": "travel_time_000948", "topic": "travel_time", "subtopic": "drive_time", "prompt": "You need to travel about 186 miles at around 65 mph. About how many hours will it take?", "exact_value": 2.8584615384615386, "model": "tiiuae/Falcon-H1-7B-Instruct", "provider": "transformers", "response": "�альное ответично действие согласно правилальным интическициям", "numeric_answer": null, "relative_error": null, "thinking_text": null, "has_tool_call": false, "tool_call": null, "usage": {"prompt_tokens": 102, "completion_tokens": 12, "total_tokens": 114, "token_count_source": "tokenizer"}, "decoding": {"temperature": 0.2, "top_p": null, "top_k": null, "max_tokens": 256, "seed": 42}, "prompt_tokens": 102, "completion_tokens": 12, "total_tokens": 114, "token_count_source": "tokenizer", "diffusion_steps": null, "flops_estimate": null, "flops_arch": null, "flops_model_params": null, "flops_active_params": null, "tokens_non_final": 6, "tokens_reasoning": 0, "tokens_response": 6, "elapsed_seconds": 0.9690041542053223, "judgement": "Uncategorized"}
{"id": "travel_time_000968", "topic": "travel_time", "subtopic": "drive_time", "prompt": "You need to travel about 108 miles at around 55 mph. About how many hours will it take?", "exact_value": 1.9672727272727273, "model": "tiiuae/Falcon-H1-7B-Instruct", "provider": "transformers", "response": "альными расчетами согласно формулированию задачи можно определенно ответ насколько процентов процентов процентов процентов процентов процентов процентов процентов процентов процентов процентов процентов процентов процентов процентов процентов процентов процентов процентов процентов процентов процентов процентов процентов процентов процентов процентов процентов процентов процентов процентов процентов процентов процентов процентов процентов процентов процентов процентов процентов процентов процентов процентов процентов процентов процентов процентов процентов процентов процентов процентов процентов процентов процентов процентов процентов процентов процентов процентов процентов процентов процентов процентов процентов процентов процентов процентов процентов процентов процентов процентов процентов процентов процентов процентов процентов процентов процентов процентов процентов процентов процентов процентов процентов процентов процентов процентов процентов процентов процентов процентов процентов процентов процентов процентов процентов процентов процентов процентов процентов процентов процентов процентов процентов процентов процентов процентов процентов процентов процентов процентов процентов процентов процентов процентов процентов процентов процентов процентов процентов процентов процентов процентов процентов процентов процентов процентов процентов процентов процентов процентов процентов процентов процентов процентов процентов процентов процентов процентов процентов процентов процентов процентов процентов процентов процентов процентов процентов процентов процентов процентов процентов процентов процентов процентов процентов процентов процентов процентов процентов процентов процентов процентов процентов процентов процентов процентов процентов процентов процентов процентов процентов процентов процентов процентов процентов процентов процентов процентов процентов процентов процентов процентов процентов процентов процентов процентов процентов процентов процентов процентов процентов процентов процентов процентов процентов процентов процентов процентов процентов процентов процентов процентов процентов процентов процентов процентов процентов процентов процентов процентов процентов процентов процентов процентов процентов процентов процентов процентов процентов процентов процентов процентов процентов процентов процентов процентов процентов процентов процентов процентов процентов процентов процентов процентов процентов процентов процентов процентов процентов процентов процентов процентов", "numeric_answer": null, "relative_error": null, "thinking_text": null, "has_tool_call": false, "tool_call": null, "usage": {"prompt_tokens": 102, "completion_tokens": 256, "total_tokens": 358, "token_count_source": "tokenizer"}, "decoding": {"temperature": 0.2, "top_p": null, "top_k": null, "max_tokens": 256, "seed": 42}, "prompt_tokens": 102, "completion_tokens": 256, "total_tokens": 358, "token_count_source": "tokenizer", "diffusion_steps": null, "flops_estimate": null, "flops_arch": null, "flops_model_params": null, "flops_active_params": null, "tokens_non_final": 252, "tokens_reasoning": 0, "tokens_response": 252, "elapsed_seconds": 19.01047968864441, "judgement": "Uncategorized"}
{"id": "travel_time_000988", "topic": "travel_time", "subtopic": "drive_time", "prompt": "You need to travel about 156 miles at around 55 mph. About how many hours will it take?", "exact_value": 2.838181818181818, "model": "tiiuae/Falcon-H1-7B-Instruct", "provider": "transformers", "response": "альнымиальнымиальнымиальнымиальнымиальнымиальнымиальнымиальнымиальнымиальнымиальнымиальнымиальнымиальнымиальнымиальнымиальнымиальнымиальнымиальнымиальнымиальнымиальнымиальнымиальнымиальнымиальнымиальнымиальнымиальнымиальнымиальнымиальнымиальнымиальнымиальнымиальнымиальнымиальнымиальнымиальнымиальнымиальнымиальнымиальнымиальнымиальнымиальнымиальнымиальнымиальнымиальнымиальнымиальнымиальнымиальнымиальнымиальнымиальнымиальнымиальнымиальнымиальнымиальнымиальнымиальнымиальнымиальнымиальнымиальнымиальнымиальнымиальнымиальнымиальнымиальнымиальнымиальнымиальнымиальнымиальнымиальнымиальнымиальнымиальнымиальнымиальнымиальнымиальнымиальнымиальнымиальнымиальнымиальнымиальнымиальнымиальнымиальнымиальнымиальнымиальнымиальнымиальнымиальнымиальнымиальнымиальнымиальнымиальнымиальнымиальнымиальнымиальнымиальнымиальнымиальнымиальнымиальнымиальнымиальнымиальнымиальнымиальнымиальнымиальнымиальнымиальнымиальнымиальнымиальнымиальнымиальнымиальнымиальнымиальнымиальнымиальнымиальнымиальнымиальнымиальнымиальнымиальнымиальнымиальнымиальнымиальнымиальнымиальнымиальнымиальнымиальнымиальнымиальнымиальнымиальнымиальнымиальнымиальнымиальнымиальнымиальнымиальнымиальнымиальнымиальнымиальнымиальнымиальнымиальнымиальнымиальнымиальнымиальнымиальнымиальнымиальнымиальнымиальнымиальнымиальнымиальнымиальнымиальнымиальнымиальнымиальнымиальнымиальнымиальнымиальнымиальнымиальнымиальнымиальнымиальнымиальнымиальнымиальнымиальнымиальнымиальнымиальнымиальнымиальнымиальнымиальнымиальнымиальнымиальнымиальнымиальнымиальнымиальнымиальнымиальнымиальнымиальнымиальнымиальнымиальнымиальнымиальнымиальнымиальнымиальнымиальнымиальнымиальнымиальнымиальнымиальнымиальнымиальнымиальнымиальнымиальнымиальнымиальнымиальнымиальнымиальнымиальнымиальнымиальнымиальнымиальнымиальнымиальнымиальнымиальнымиальнымиальнымиальнымиальными", "numeric_answer": null, "relative_error": null, "thinking_text": null, "has_tool_call": false, "tool_call": null, "usage": {"prompt_tokens": 102, "completion_tokens": 256, "total_tokens": 358, "token_count_source": "tokenizer"}, "decoding": {"temperature": 0.2, "top_p": null, "top_k": null, "max_tokens": 256, "seed": 42}, "prompt_tokens": 102, "completion_tokens": 256, "total_tokens": 358, "token_count_source": "tokenizer", "diffusion_steps": null, "flops_estimate": null, "flops_arch": null, "flops_model_params": null, "flops_active_params": null, "tokens_non_final": 1, "tokens_reasoning": 0, "tokens_response": 1, "elapsed_seconds": 18.96817684173584, "judgement": "Uncategorized"}
{"id": "travel_time_001008", "topic": "travel_time", "subtopic": "drive_time", "prompt": "You need to travel about 74 miles at around 25 mph. About how many hours will it take?", "exact_value": 2.948, "model": "tiiuae/Falcon-H1-7B-Instruct", "provider": "transformers", "response": "�альное ответ согласно правилальным указанияальным насколько точноальноальноальноальноальноальноальноальноальноальноальноальноальноальноальноальноальноальноальноальноальноальноальноальноальноальноальноальноальноальноальноальноальноальноальноальноальноальноальноальноальноальноальноальноальноальноальноальноальноальноальноальноальноальноальноальноальноальноальноальноальноальноальноальноальноальноальноальноальноальноальноальноальноальноальноальноальноальноальноальноальноальноальноальноальноальноальноальноальноальноальноальноальноальноальноальноальноальноальноальноальноальноальноальноальноальноальноальноальноальноальноальноальноальноальноальноальноальноальноальноальноальноальноальноальноальноальноальноальноальноальноальноальноальноальноальноальноальноальноальноальноальноальноальноальноальноальноальноальноальноальноальноальноальноальноальноальноальноальноальноальноальноальноальноальноальноальноальноальноальноальноальноальноальноальноальноальноальноальноальноальноальноальноальноальноальноальноальноальноальноальноальноальноальноальноальноальноальноальноальноальноальноальноальноальноальноальноальноальноальноальноальноальноальноальноальноальноальноальноальноальноальноальноальноальноальноальноальноальноальноальноальноальноальноальноальноальноальноальноальноальноальноальноальноально", "numeric_answer": null, "relative_error": null, "thinking_text": null, "has_tool_call": false, "tool_call": null, "usage": {"prompt_tokens": 101, "completion_tokens": 256, "total_tokens": 357, "token_count_source": "tokenizer"}, "decoding": {"temperature": 0.2, "top_p": null, "top_k": null, "max_tokens": 256, "seed": 42}, "prompt_tokens": 101, "completion_tokens": 256, "total_tokens": 357, "token_count_source": "tokenizer", "diffusion_steps": null, "flops_estimate": null, "flops_arch": null, "flops_model_params": null, "flops_active_params": null, "tokens_non_final": 7, "tokens_reasoning": 0, "tokens_response": 7, "elapsed_seconds": 19.146238565444946, "judgement": "Uncategorized"}
{"id": "travel_time_001028", "topic": "travel_time", "subtopic": "drive_time", "prompt": "You need to travel about 51 miles at around 55 mph. About how many hours will it take?", "exact_value": 0.9309090909090909, "model": "tiiuae/Falcon-H1-7B-Instruct", "provider": "transformers", "response": "�альное ответ согласно правилальным согласно предоставленной информации насколько возможно точно насколько возможно согласно предоставленной информации насколько возможно точно согласно предоставленнойации насколько возможно согласно предоставленнойации насколько возможно согласно предоставленнойации насколько возможно согласно предоставленнойации насколько возможно согласно предоставленнойации насколько возможно согласно предоставленнойации насколько возможно согласно согласно согласно согласно согласно согласно согласно согласно согласно согласно согласно согласно согласно согласно согласно согласно согласно согласно согласно согласно согласно согласно согласно согласно согласно согласно согласно согласно согласно согласно согласно согласно согласно согласно согласно согласно согласно согласно согласно согласно согласно согласно согласно согласно согласно согласно согласно согласно согласно согласно согласно согласно согласно согласно согласно согласно согласно согласно согласно согласно согласно согласно согласно согласно согласно согласно согласно согласно согласно согласно согласно согласно согласно согласно согласно согласно согласно согласно согласно согласно согласно согласно согласно согласно согласно согласно согласно согласно согласно согласно согласно согласно согласно согласно согласно согласно согласно согласно согласно согласно согласно согласно согласно согласно согласно согласно согласно согласно согласно согласно согласно согласно согласно согласно согласно согласно согласно согласно согласно согласно согласно согласно согласно согласно согласно согласно согласно согласно согласно согласно согласно согласно согласно согласно согласно согласно согласно согласно согласно согласно согласно согласно согласно согласно согласно согласно согласно согласно согласно согласно согласно согласно согласно согласно согласно согласно согласно согласно согласно согласно согласно согласно согласно согласно согласно согласно согласно согласно согласно согласно согласно согласно согласно согласно согласно согласно согласно согласно согласно согласно согласно согласно согласно согласно согласно согласно согласно согласно согласно согласно согласно согласно согласно согласно согласно согласно согласно согласно", "numeric_answer": null, "relative_error": null, "thinking_text": null, "has_tool_call": false, "tool_call": null, "usage": {"prompt_tokens": 101, "completion_tokens": 256, "total_tokens": 357, "token_count_source": "tokenizer"}, "decoding": {"temperature": 0.2, "top_p": null, "top_k": null, "max_tokens": 256, "seed": 42}, "prompt_tokens": 101, "completion_tokens": 256, "total_tokens": 357, "token_count_source": "tokenizer", "diffusion_steps": null, "flops_estimate": null, "flops_arch": null, "flops_model_params": null, "flops_active_params": null, "tokens_non_final": 240, "tokens_reasoning": 0, "tokens_response": 240, "elapsed_seconds": 18.708630561828613, "judgement": "Uncategorized"}
{"id": "travel_time_001048", "topic": "travel_time", "subtopic": "drive_time", "prompt": "You need to travel about 216 miles at around 35 mph. About how many hours will it take?", "exact_value": 6.180000000000001, "model": "tiiuae/Falcon-H1-7B-Instruct", "provider": "transformers", "response": "�альное ответично действие согласно правилальным интическиация насколько точно насколько возможно согласно предоставленым данным", "numeric_answer": null, "relative_error": null, "thinking_text": null, "has_tool_call": false, "tool_call": null, "usage": {"prompt_tokens": 102, "completion_tokens": 21, "total_tokens": 123, "token_count_source": "tokenizer"}, "decoding": {"temperature": 0.2, "top_p": null, "top_k": null, "max_tokens": 256, "seed": 42}, "prompt_tokens": 102, "completion_tokens": 21, "total_tokens": 123, "token_count_source": "tokenizer", "diffusion_steps": null, "flops_estimate": null, "flops_arch": null, "flops_model_params": null, "flops_active_params": null, "tokens_non_final": 13, "tokens_reasoning": 0, "tokens_response": 13, "elapsed_seconds": 1.555903673171997, "judgement": "Uncategorized"}
{"id": "travel_time_001068", "topic": "travel_time", "subtopic": "drive_time", "prompt": "You need to travel about 183 miles at around 25 mph. About how many hours will it take?", "exact_value": 7.308, "model": "tiiuae/Falcon-H1-7B-Instruct", "provider": "transformers", "response": "�альное ответично решение согласно правилальным указанияальным согласно правилальным указанияальным согласно правилальным согласно правилальным согласно согласно согласно согласно согласно согласно согласно согласно согласно согласно согласно согласно согласно согласно согласно согласно согласно согласно согласно согласно согласно согласно согласно согласно согласно согласно согласно согласно согласно согласно согласно согласно согласно согласно согласно согласно согласно согласно согласно согласно согласно согласно согласно согласно согласно согласно согласно согласно согласно согласно согласно согласно согласно согласно согласно согласно согласно согласно согласно согласно согласно согласно согласно согласно согласно согласно согласно согласно согласно согласно согласно согласно согласно согласно согласно согласно согласно согласно согласно согласно согласно согласно согласно согласно согласно согласно согласно согласно согласно согласно согласно согласно согласно согласно согласно согласно согласно согласно согласно согласно согласно согласно согласно согласно согласно согласно согласно согласно согласно согласно согласно согласно согласно согласно согласно согласно согласно согласно согласно согласно согласно согласно согласно согласно согласно согласно согласно согласно согласно согласно согласно согласно согласно согласно согласно согласно согласно согласно согласно согласно согласно согласно согласно согласно согласно согласно согласно согласно согласно согласно согласно согласно согласно согласно согласно согласно согласно согласно согласно согласно согласно согласно согласно согласно согласно согласно согласно согласно согласно согласно согласно согласно согласно согласно согласно согласно согласно согласно согласно согласно согласно согласно согласно согласно согласно согласно согласно согласно согласно согласно согласно согласно согласно согласно согласно согласно согласно согласно согласно согласно согласно согласно согласно согласно согласно согласно согласно согласно согласно согласно согласно согласно согласно согласно согласно согласно согласно согласно согласно согласно согласно согласно согласно согласно согласно согласно согласно согласно согласно согласно согласно согласно согласно", "numeric_answer": null, "relative_error": null, "thinking_text": null, "has_tool_call": false, "tool_call": null, "usage": {"prompt_tokens": 102, "completion_tokens": 256, "total_tokens": 358, "token_count_source": "tokenizer"}, "decoding": {"temperature": 0.2, "top_p": null, "top_k": null, "max_tokens": 256, "seed": 42}, "prompt_tokens": 102, "completion_tokens": 256, "total_tokens": 358, "token_count_source": "tokenizer", "diffusion_steps": null, "flops_estimate": null, "flops_arch": null, "flops_model_params": null, "flops_active_params": null, "tokens_non_final": 246, "tokens_reasoning": 0, "tokens_response": 246, "elapsed_seconds": 19.257535457611084, "judgement": "Uncategorized"}
{"id": "physics_estimate_000112", "topic": "physics_estimate", "subtopic": "fill_rate", "prompt": "A faucet fills 40 liters at about 6 liters per minute. About how many minutes does it take?", "exact_value": 6.666666666666667, "model": "tiiuae/Falcon-H1-7B-Instruct", "provider": "transformers", "response": "альными ответами согласно правилам насколько точно могу насколько могу согласно предоставленной информации насколько точно могу насколько могу согласно предоставленной информации насколько точно могу насколько могу согласно предоставленной информации насколько точно могу насколько могу согласно предоставленнойации насколько точно могу насколько могу согласно предоставленнойации насколько точно могу насколько могу согласно предоставленнойации насколько точно могу насколько могу согласно предоставированнойации насколько точно могу насколько могу согласно предоставированнойации насколько точно могу насколько могу согласно предоставленнойации насколько точно могу насколько могу согласно предоставленнойации насколько точно могу насколько могу согласно предоставленнойации насколько точно могу насколько могу согласно предоставленнойации насколько точно могу насколько могу согласно предоставленнойации насколько точно могу насколько могу согласно предоставленнойации насколько точно могу насколько могу согласно предоставленнойации насколько точно могу насколько могу согласно предоставленнойации насколько точно могу насколько могу согласно предоставленнойации насколько точно могу насколько могу согласно предоставированнойации насколько точно могу насколько могу согласно предоставированнойации насколько точно могу насколько могу согласно предоставленнойации насколько точно могу насколько могу согласно предоставленнойации насколько точно могу насколько могу согласно предоставленнойации насколько точно могу насколько могу согласно предоставленнойации насколько точно могу насколько могу согласно предоставленнойации насколько точно могу насколько могу согласно предоставленнойации насколько точно могу насколько могу согласно предоставленнойации насколько точно могу насколько могу согласно предоставленнойации насколько точно могу насколько могу согласно предостав", "numeric_answer": null, "relative_error": null, "thinking_text": null, "has_tool_call": false, "tool_call": null, "usage": {"prompt_tokens": 100, "completion_tokens": 256, "total_tokens": 356, "token_count_source": "tokenizer"}, "decoding": {"temperature": 0.2, "top_p": null, "top_k": null, "max_tokens": 256, "seed": 42}, "prompt_tokens": 100, "completion_tokens": 256, "total_tokens": 356, "token_count_source": "tokenizer", "diffusion_steps": null, "flops_estimate": null, "flops_arch": null, "flops_model_params": null, "flops_active_params": null, "tokens_non_final": 203, "tokens_reasoning": 0, "tokens_response": 203, "elapsed_seconds": 19.051228523254395, "judgement": "Uncategorized"}
{"id": "physics_estimate_000132", "topic": "physics_estimate", "subtopic": "fill_rate", "prompt": "A faucet fills 10 liters at about 6 liters per minute. About how many minutes does it take?", "exact_value": 1.6666666666666667, "model": "tiiuae/Falcon-H1-7B-Instruct", "provider": "transformers", "response": "альными данными согласно условию задачи насколько возможно точно рассчитаем время заполнения согласно пропускной способности крана согласно условию задачи насколько возможно точно рассчитаем насколько возможно насколько возможно насколько возможно насколько насколько насколько насколько насколько насколько насколько насколько насколько насколько насколько насколько насколько насколько насколько насколько насколько насколько насколько насколько насколько насколько насколько насколько насколько насколько насколько насколько насколько насколько насколько насколько насколько насколько насколько насколько насколько насколько насколько насколько насколько насколько насколько насколько насколько насколько насколько насколько насколько насколько насколько насколько насколько насколько насколько насколько насколько насколько насколько насколько насколько насколько насколько насколько насколько насколько насколько насколько насколько насколько насколько насколько насколько насколько насколько насколько насколько насколько насколько насколько насколько насколько насколько насколько насколько насколько насколько насколько насколько насколько насколько насколько насколько насколько насколько насколько насколько насколько насколько насколько насколько насколько насколько насколько насколько насколько насколько насколько насколько насколько насколько насколько насколько насколько насколько насколько насколько насколько насколько насколько насколько насколько насколько насколько насколько насколько насколько насколько насколько насколько насколько насколько насколько насколько насколько насколько насколько насколько насколько насколько насколько насколько насколько насколько насколько насколько насколько насколько насколько насколько насколько насколько насколько насколько насколько насколько насколько насколько насколько насколько насколько насколько насколько насколько насколько насколько насколько насколько насколько насколько насколько насколько насколько насколько насколько насколько насколько насколько насколько насколько насколько насколько насколько насколько насколько насколько насколько насколько насколько насколько насколько насколько насколько насколько насколько насколько насколько насколько насколько насколько насколько насколько насколько насколько насколько насколько насколько насколько насколько насколько насколько насколько насколько насколько насколько насколько насколько", "numeric_answer": null, "relative_error": null, "thinking_text": null, "has_tool_call": false, "tool_call": null, "usage": {"prompt_tokens": 100, "completion_tokens": 256, "total_tokens": 356, "token_count_source": "tokenizer"}, "decoding": {"temperature": 0.2, "top_p": null, "top_k": null, "max_tokens": 256, "seed": 42}, "prompt_tokens": 100, "completion_tokens": 256, "total_tokens": 356, "token_count_source": "tokenizer", "diffusion_steps": null, "flops_estimate": null, "flops_arch": null, "flops_model_params": null, "flops_active_params": null, "tokens_non_final": 245, "tokens_reasoning": 0, "tokens_response": 245, "elapsed_seconds": 19.134907007217407, "judgement": "Uncategorized"}
{"id": "physics_estimate_000152", "topic": "physics_estimate", "subtopic": "fill_rate", "prompt": "A faucet fills 10 liters at about 7 liters per minute. About how many minutes does it take?", "exact_value": 1.4285714285714286, "model": "tiiuae/Falcon-H1-7B-Instruct", "provider": "transformers", "response": "альными ответами согласно правилам насколько точно могу согласно предоставленной информации насколько точно могу согласно предоставленной информации насколько точно могу согласно предоставленной информации насколько точно могу согласно предоставленнойации насколько точно могу согласно предоставленнойации насколько точно могу согласно предоставленнойации насколько точно могу согласно предоставленнойации насколько точно могу согласно предоставленнойации насколько точно могу согласно предоставленнойации насколько точно могу согласно предоставленнойации насколько точно могу согласно предоставленнойации насколько точно могу согласно предоставленнойации насколько точно могу согласно предоставленнойации насколько точно могу согласно предоставленнойации насколько точно могу согласно предоставленнойации насколько точно могу согласно предоставленнойации насколько точно могу согласно предоставленнойации насколько точно могу согласно предоставленнойации насколько точно могу согласно предоставленнойации насколько точно могу согласно предоставленнойации насколько точно могу согласно предоставленнойации насколько точно могу согласно предоставленнойации насколько точно могу согласно предоставленнойации насколько точно могу согласно предоставленнойации насколько точно могу согласно предоставленнойации насколько точно могу согласно предоставленнойации насколько точно могу согласно предоставленнойации насколько точно могу согласно предоставленнойации насколько точно могу согласно предоставленнойации насколько точно могу согласно предоставленнойации насколько точно могу согласно предоставленнойации насколько точно могу согласно предоставленнойации насколько точно могу согласно предоставленнойации насколько точно могу согласно предоставленнойации насколько точно могу согласно предоставленнойации насколько точно могу согласно предостав", "numeric_answer": null, "relative_error": null, "thinking_text": null, "has_tool_call": false, "tool_call": null, "usage": {"prompt_tokens": 100, "completion_tokens": 256, "total_tokens": 356, "token_count_source": "tokenizer"}, "decoding": {"temperature": 0.2, "top_p": null, "top_k": null, "max_tokens": 256, "seed": 42}, "prompt_tokens": 100, "completion_tokens": 256, "total_tokens": 356, "token_count_source": "tokenizer", "diffusion_steps": null, "flops_estimate": null, "flops_arch": null, "flops_model_params": null, "flops_active_params": null, "tokens_non_final": 187, "tokens_reasoning": 0, "tokens_response": 187, "elapsed_seconds": 20.264947175979614, "judgement": "Uncategorized"}
{"id": "physics_estimate_000172", "topic": "physics_estimate", "subtopic": "fill_rate", "prompt": "A faucet fills 15 liters at about 6 liters per minute. About how many minutes does it take?", "exact_value": 2.5, "model": "tiiuae/Falcon-H1-7B-Instruct", "provider": "transformers", "response": "альными расчетами согласно приведенной информации решаем задаются путем пропорции времени относительно объема воды насколько процентов процентов процентов процентов процентов процентов процентов процентов процентов процентов процентов процентов процентов процентов процентов процентов процентов процентов процентов процентов процентов процентов процентов процентов процентов процентов процентов процентов процентов процентов процентов процентов процентов процентов процентов процентов процентов процентов процентов процентов процентов процентов процентов процентов процентов процентов процентов процентов процентов процентов процентов процентов процентов процентов процентов процентов процентов процентов процентов процентов процентов процентов процентов процентов процентов процентов процентов процентов процентов процентов процентов процентов процентов процентов процентов процентов процентов процентов процентов процентов процентов процентов процентов процентов процентов процентов процентов процентов процентов процентов процентов процентов процентов процентов процентов процентов процентов процентов процентов процентов процентов процентов процентов процентов процентов процентов процентов процентов процентов процентов процентов процентов процентов процентов процентов процентов процентов процентов процентов процентов процентов процентов процентов процентов процентов процентов процентов процентов процентов процентов процентов процентов процентов процентов процентов процентов процентов процентов процентов процентов процентов процентов процентов процентов процентов процентов процентов процентов процентов процентов процентов процентов процентов процентов процентов процентов процентов процентов процентов процентов процентов процентов процентов процентов процентов процентов процентов процентов процентов процентов процентов процентов процентов процентов процентов процентов процентов процентов процентов процентов процентов процентов процентов процентов процентов процентов процентов процентов процентов процентов процентов процентов процентов процентов процентов процентов процентов процентов процентов процентов процентов процентов процентов процентов процентов процентов процентов процентов процентов процентов процентов процентов процентов процентов процентов процентов процентов процентов процентов процентов процентов процентов процентов процентов процентов процентов процентов процентов процентов процентов процентов процентов процентов процентов процентов", "numeric_answer": null, "relative_error": null, "thinking_text": null, "has_tool_call": false, "tool_call": null, "usage": {"prompt_tokens": 100, "completion_tokens": 256, "total_tokens": 356, "token_count_source": "tokenizer"}, "decoding": {"temperature": 0.2, "top_p": null, "top_k": null, "max_tokens": 256, "seed": 42}, "prompt_tokens": 100, "completion_tokens": 256, "total_tokens": 356, "token_count_source": "tokenizer", "diffusion_steps": null, "flops_estimate": null, "flops_arch": null, "flops_model_params": null, "flops_active_params": null, "tokens_non_final": 249, "tokens_reasoning": 0, "tokens_response": 249, "elapsed_seconds": 19.158241033554077, "judgement": "Uncategorized"}
{"id": "physics_estimate_000192", "topic": "physics_estimate", "subtopic": "fill_rate", "prompt": "A faucet fills 15 liters at about 8 liters per minute. About how many minutes does it take?", "exact_value": 1.875, "model": "tiiuae/Falcon-H1-7B-Instruct", "provider": "transformers", "response": "альными ответами согласно правилам насколько точно могу насколько могу согласно предоставленной информации насколько точно могу насколько могу согласно предоставленной информации насколько точно могу насколько могу согласно предоставленной информации насколько точно могу насколько могу согласно предоставленнойации насколько точно могу насколько могу согласно предоставленнойации насколько точно могу насколько могу согласно предоставленнойации насколько точно могу насколько могу согласно предоставированнойации насколько точно могу насколько могу согласно предоставированнойации насколько точно могу насколько могу согласно предоставленнойации насколько точно могу насколько могу согласно предоставленнойации насколько точно могу насколько могу согласно предоставленнойации насколько точно могу насколько могу согласно предоставленнойации насколько точно могу насколько могу согласно предоставленнойации насколько точно могу насколько могу согласно предоставленнойации насколько точно могу насколько могу согласно предоставленнойации насколько точно могу насколько могу согласно предоставленнойации насколько точно могу насколько могу согласно предоставленнойации насколько точно могу насколько могу согласно предоставированнойации насколько точно могу насколько могу согласно предоставированнойации насколько точно могу насколько могу согласно предоставленнойации насколько точно могу насколько могу согласно предоставленнойации насколько точно могу насколько могу согласно предоставленнойации насколько точно могу насколько могу согласно предоставленнойации насколько точно могу насколько могу согласно предоставленнойации насколько точно могу насколько могу согласно предоставированнойации насколько точно могу насколько могу согласно предоставированнойации насколько точно могу насколько могу согласноальным правилальным согласноальнымальнымальнымальнымальнымальным", "numeric_answer": null, "relative_error": null, "thinking_text": null, "has_tool_call": false, "tool_call": null, "usage": {"prompt_tokens": 100, "completion_tokens": 256, "total_tokens": 356, "token_count_source": "tokenizer"}, "decoding": {"temperature": 0.2, "top_p": null, "top_k": null, "max_tokens": 256, "seed": 42}, "prompt_tokens": 100, "completion_tokens": 256, "total_tokens": 356, "token_count_source": "tokenizer", "diffusion_steps": null, "flops_estimate": null, "flops_arch": null, "flops_model_params": null, "flops_active_params": null, "tokens_non_final": 197, "tokens_reasoning": 0, "tokens_response": 197, "elapsed_seconds": 19.9408175945282, "judgement": "Uncategorized"}
{"id": "physics_estimate_000212", "topic": "physics_estimate", "subtopic": "fill_rate", "prompt": "A faucet fills 50 liters at about 6 liters per minute. About how many minutes does it take?", "exact_value": 8.333333333333334, "model": "tiiuae/Falcon-H1-7B-Instruct", "provider": "transformers", "response": "альными ответами согласно правилам насколько точно могу насколько могу согласно предоставленной информации насколько точно могу насколько могу согласно предоставленной информации насколько точно могу насколько могу согласно предоставленной информации насколько точно могу насколько могу согласно предоставленнойации насколько точно могу насколько могу согласно предоставленнойации насколько точно могу насколько могу согласно предоставированнойации насколько точно могу насколько могу согласно предоставленнойации насколько точно могу насколько могу согласно предоставленнойации насколько точно могу насколько могу согласно предоставленнойации насколько точно могу насколько могу согласно предоставленнойации насколько точно могу насколько могу согласно предоставленнойации насколько точно могу насколько могу согласно предоставленнойации насколько точно могу насколько могу согласно предоставленнойации насколько точно могу насколько могу согласно предоставленнойации насколько точно могу насколько могу согласно предоставленнойации насколько точно могу насколько могу согласно предоставленнойации насколько точно могу насколько могу согласно предоставленнойации насколько точно могу насколько могу согласно предоставированнойации насколько точно могу насколько могу согласно предоставленнойации насколько точно могу насколько могу согласно предоставленнойации насколько точно могу насколько могу согласно предоставленнойации насколько точно могу насколько могу согласно предоставленнойации насколько точно могу насколько могу согласно предоставленнойации насколько точно могу насколько могу согласно предоставленнойации насколько точно могу насколько могу согласно предоставленнойации насколько точно могу насколько могу согласно предоставленнойации насколько точно могу насколько могу согласно предоставленнойации насколько точно могу насколько могу согласно предостав", "numeric_answer": null, "relative_error": null, "thinking_text": null, "has_tool_call": false, "tool_call": null, "usage": {"prompt_tokens": 100, "completion_tokens": 256, "total_tokens": 356, "token_count_source": "tokenizer"}, "decoding": {"temperature": 0.2, "top_p": null, "top_k": null, "max_tokens": 256, "seed": 42}, "prompt_tokens": 100, "completion_tokens": 256, "total_tokens": 356, "token_count_source": "tokenizer", "diffusion_steps": null, "flops_estimate": null, "flops_arch": null, "flops_model_params": null, "flops_active_params": null, "tokens_non_final": 203, "tokens_reasoning": 0, "tokens_response": 203, "elapsed_seconds": 19.707458019256592, "judgement": "Uncategorized"}
{"id": "physics_estimate_000232", "topic": "physics_estimate", "subtopic": "fill_rate", "prompt": "A faucet fills 20 liters at about 4 liters per minute. About how many minutes does it take?", "exact_value": 5.0, "model": "tiiuae/Falcon-H1-7B-Instruct", "provider": "transformers", "response": "альными ответами согласно правилам насколько точно могу согласно предоставленной информации насколько точно могу согласно предоставленной информации насколько точно могу согласно предоставленной информации насколько точно могу согласно предоставленнойации насколько точно могу согласно предоставированнойации насколько точно могу согласно предоставированнойации насколько точно могу согласно предоставированнойации насколько точно могу согласно предоставированнойации насколько точно могу согласно предоставированнойации насколько точно могу согласно предоставированнойации насколько точно могу согласно предоставированнойации насколько точно могу согласно предоставированнойации насколько точно могу согласно предоставированнойации насколько точно могу согласно предоставированнойации насколько точно могу согласно предоставированнойации насколько точно могу согласно предоставированнойации насколько точно могу согласно предоставированнойации насколько точно могу согласно предоставированнойации насколько точно могу согласно предоставированнойации насколько точно могу согласно предоставированнойации насколько точно могу согласно предоставированнойации насколько точно могу согласно предоставированнойации насколько точно могу согласно предоставированнойации насколько точно могу согласно предоставированнойации насколько точно могу согласно предоставированнойации насколько точно могу согласно предоставированнойации насколько точно могу согласно предоставированнойации насколько точно могу согласно предоставированнойации насколько точно могу согласно предоставированнойации насколько точно могу согласно предоставированнойации насколько точно могу согласно предоставированнойации насколько точно могу согласно предоставированнойации насколько точно могу согласно предоставированнойации насколько точно могу согласно предоставированнойации насколько точно могу согласно предоставированнойации насколько точно могу согласно предостав", "numeric_answer": null, "relative_error": null, "thinking_text": null, "has_tool_call": false, "tool_call": null, "usage": {"prompt_tokens": 100, "completion_tokens": 256, "total_tokens": 356, "token_count_source": "tokenizer"}, "decoding": {"temperature": 0.2, "top_p": null, "top_k": null, "max_tokens": 256, "seed": 42}, "prompt_tokens": 100, "completion_tokens": 256, "total_tokens": 356, "token_count_source": "tokenizer", "diffusion_steps": null, "flops_estimate": null, "flops_arch": null, "flops_model_params": null, "flops_active_params": null, "tokens_non_final": 187, "tokens_reasoning": 0, "tokens_response": 187, "elapsed_seconds": 20.225934982299805, "judgement": "Uncategorized"}
{"id": "physics_estimate_000252", "topic": "physics_estimate", "subtopic": "fill_rate", "prompt": "A faucet fills 30 liters at about 5 liters per minute. About how many minutes does it take?", "exact_value": 6.0, "model": "tiiuae/Falcon-H1-7B-Instruct", "provider": "transformers", "response": "альными расчетами согласно условию задачи получаем следующее значение времени насколько процентов насколько процентов насколько процентов насколько процентов насколько процентов насколько процентов насколько процентов насколько процентов насколько процентов насколько процентов насколько процентов насколько процентов насколько процентов насколько процентов насколько процентов насколько процентов насколько процентов насколько процентов насколько процентов насколько процентов насколько процентов насколько процентов насколько процентов насколько процентов насколько процентов насколько процентов насколько процентов насколько процентов насколько процентов насколько процентов насколько процентов насколько процентов насколько процентов насколько процентов насколько процентов насколько процентов насколько процентов насколько процентов насколько процентов насколько процентов насколько процентов насколько процентов насколько процентов насколько процентов насколько процентов насколько процентов насколько процентов насколько процентов насколько процентов насколько процентов насколько процентов насколько процентов насколько процентов насколько процентов насколько процентов насколько процентов насколько процентов насколько процентов насколько процентов насколько процентов насколько процентов насколько процентов насколько процентов насколько процентов насколько процентов насколько процентов насколько процентов насколько процентов насколько процентов насколько процентов насколько процентов насколько процентов насколько процентов насколько процентов насколько процентов насколько процентов насколько процентов насколько процентов насколько процентов насколько процентов насколько процентов насколько процентов насколько процентов насколько процентов насколько процентов насколько процентов насколько процентов насколько процентов насколько процентов насколько процентов насколько процентов насколько процентов насколько процентов насколько процентов насколько процентов насколько процентов насколько процентов насколько процентов насколько процентов насколько процентов насколько процентов насколько процентов насколько процентов насколько процентов насколько процентов насколько процентов насколько процентов насколько процентов насколько процентов насколько процентов насколько процентов насколько процентов насколько процентов насколько процентов насколько процентов насколько процентов насколько процентов насколько процентов насколько процентов насколько процентов насколько процентов", "numeric_answer": null, "relative_error": null, "thinking_text": null, "has_tool_call": false, "tool_call": null, "usage": {"prompt_tokens": 100, "completion_tokens": 256, "total_tokens": 356, "token_count_source": "tokenizer"}, "decoding": {"temperature": 0.2, "top_p": null, "top_k": null, "max_tokens": 256, "seed": 42}, "prompt_tokens": 100, "completion_tokens": 256, "total_tokens": 356, "token_count_source": "tokenizer", "diffusion_steps": null, "flops_estimate": null, "flops_arch": null, "flops_model_params": null, "flops_active_params": null, "tokens_non_final": 251, "tokens_reasoning": 0, "tokens_response": 251, "elapsed_seconds": 19.174299955368042, "judgement": "Uncategorized"}
{"id": "physics_estimate_000272", "topic": "physics_estimate", "subtopic": "fill_rate", "prompt": "A faucet fills 50 liters at about 6 liters per minute. About how many minutes does it take?", "exact_value": 8.333333333333334, "model": "tiiuae/Falcon-H1-7B-Instruct", "provider": "transformers", "response": "альными данными согласно условию задачи насколько возможно точно рассчитаем время насколько возможно точно согласно процентов насколько возможно насколько насколько насколько насколько насколько насколько насколько насколько насколько насколько насколько насколько насколько насколько насколько насколько насколько насколько насколько насколько насколько насколько насколько насколько насколько насколько насколько насколько насколько насколько насколько насколько насколько насколько насколько насколько насколько насколько насколько насколько насколько насколько насколько насколько насколько насколько насколько насколько насколько насколько насколько насколько насколько насколько насколько насколько насколько насколько насколько насколько насколько насколько насколько насколько насколько насколько насколько насколько насколько насколько насколько насколько насколько насколько насколько насколько насколько насколько насколько насколько насколько насколько насколько насколько насколько насколько насколько насколько насколько насколько насколько насколько насколько насколько насколько насколько насколько насколько насколько насколько насколько насколько насколько насколько насколько насколько насколько насколько насколько насколько насколько насколько насколько насколько насколько насколько насколько насколько насколько насколько насколько насколько насколько насколько насколько насколько насколько насколько насколько насколько насколько насколько насколько насколько насколько насколько насколько насколько насколько насколько насколько насколько насколько насколько насколько насколько насколько насколько насколько насколько насколько насколько насколько насколько насколько насколько насколько насколько насколько насколько насколько насколько насколько насколько насколько насколько насколько насколько насколько насколько насколько насколько насколько насколько насколько насколько насколько насколько насколько насколько насколько насколько насколько насколько насколько насколько насколько насколько насколько насколько насколько насколько насколько насколько насколько насколько насколько насколько насколько насколько насколько насколько насколько насколько насколько насколько насколько насколько насколько насколько насколько насколько насколько насколько насколько насколько насколько насколько насколько насколько насколько насколько насколько насколько насколько насколько насколько насколько насколько насколько насколько насколько насколько насколько насколько насколько", "numeric_answer": null, "relative_error": null, "thinking_text": null, "has_tool_call": false, "tool_call": null, "usage": {"prompt_tokens": 100, "completion_tokens": 256, "total_tokens": 356, "token_count_source": "tokenizer"}, "decoding": {"temperature": 0.2, "top_p": null, "top_k": null, "max_tokens": 256, "seed": 42}, "prompt_tokens": 100, "completion_tokens": 256, "total_tokens": 356, "token_count_source": "tokenizer", "diffusion_steps": null, "flops_estimate": null, "flops_arch": null, "flops_model_params": null, "flops_active_params": null, "tokens_non_final": 253, "tokens_reasoning": 0, "tokens_response": 253, "elapsed_seconds": 18.715720653533936, "judgement": "Uncategorized"}
{"id": "physics_estimate_000292", "topic": "physics_estimate", "subtopic": "fill_rate", "prompt": "A faucet fills 20 liters at about 4 liters per minute. About how many minutes does it take?", "exact_value": 5.0, "model": "tiiuae/Falcon-H1-7B-Instruct", "provider": "transformers", "response": "альными ответами согласно правилальным ответ согласно правилальным ответ согласно правилальным ответ согласно правилальным ответ согласно правилальным ответ согласно правилальным ответ согласно правилальным ответ согласно правилальным ответ согласно правилальным ответ согласно правилальным ответ согласно правилальным ответ согласно правилальным ответ согласно правилальным ответ согласно правилальным ответ согласно правилальным ответ согласно правилальным ответ согласно правилальным ответ согласно правилальным ответ согласно правилальным ответ согласно правилальным ответ согласно правилальным ответ согласно правилальным ответ согласно правилальным ответ согласно правилальным ответ согласно правилальным ответ согласно правилальным ответ согласно правилальным ответ согласно правилальным ответ согласно правилальным ответ согласно правилальным ответ согласно правилальным ответ согласно правилальным ответ согласно правилальным ответ согласно правилальным ответ согласно правилальным ответ согласно правилальным ответ согласно правилальным ответ согласно правилальным ответ согласно правилальным ответ согласно правилальным ответ согласно правилальным ответ согласно правилальным ответ согласно правилальным ответ согласно правилальным ответ согласно правилальным ответ согласно правилальным ответ согласно правилальным ответ согласно правилальным ответ согласно правилальным ответ согласно правилальным ответ согласно правилальным ответ согласно правилальным ответ согласно правилальным ответ согласно правилальным ответ согласно правилальным ответ согласно правилальным ответ согласно правилальным ответ согласно правилальным ответ согласно правилальным ответ согласно правилальным ответ согласно правилальным ответ согласно правилальным ответ согласно правилальным ответ согласно", "numeric_answer": null, "relative_error": null, "thinking_text": null, "has_tool_call": false, "tool_call": null, "usage": {"prompt_tokens": 100, "completion_tokens": 256, "total_tokens": 356, "token_count_source": "tokenizer"}, "decoding": {"temperature": 0.2, "top_p": null, "top_k": null, "max_tokens": 256, "seed": 42}, "prompt_tokens": 100, "completion_tokens": 256, "total_tokens": 356, "token_count_source": "tokenizer", "diffusion_steps": null, "flops_estimate": null, "flops_arch": null, "flops_model_params": null, "flops_active_params": null, "tokens_non_final": 192, "tokens_reasoning": 0, "tokens_response": 192, "elapsed_seconds": 19.03683042526245, "judgement": "Uncategorized"}
{"id": "physics_estimate_000312", "topic": "physics_estimate", "subtopic": "fill_rate", "prompt": "A faucet fills 15 liters at about 4 liters per minute. About how many minutes does it take?", "exact_value": 3.75, "model": "tiiuae/Falcon-H1-7B-Instruct", "provider": "transformers", "response": "альными данными согласно условию задачи мы видим насколько литровую емкость нужно заполнить согласно задаче насколько литров и насколько процентов соответственно насколько процентов времени относительно полной емкости насколько процентов соответственно насколько процентов соответственно насколько процентов соответственно насколько процентов соответственно насколько процентов соответственно насколько процентов соответственно насколько процентов соответственно насколько процентов соответственно насколько процентов соответственно насколько процентов соответственно насколько процентов соответственно насколько процентов соответственно насколько процентов соответственно насколько процентов соответственно насколько процентов соответственно насколько процентов соответственно насколько процентов соответственно насколько процентов соответственно насколько процентов соответственно насколько процентов соответственно насколько процентов соответственно насколько процентов соответственно насколько процентов соответственно насколько процентов соответственно насколько процентов соответственно насколько процентов соответственно насколько процентов соответственно насколько процентов соответственно насколько процентов соответственно насколько процентов соответственно насколько процентов соответственно насколько процентов соответственно насколько процентов соответственно насколько процентов соответственно насколько процентов соответственно насколько процентов соответственно насколько процентов соответственно насколько процентов соответственно насколько процентов соответственно насколько процентов соответственно насколько процентов соответственно насколько процентов соответственно насколько процентов соответственно насколько процентов соответственно насколько процентов соответственно насколько процентов соответственно насколько процентов соответственно насколько процентов соответственно насколько процентов соответственно насколько процентов соответственно насколько процентов соответственно насколько процентов соответственно насколько процентов соответственно насколько процентов соответственно насколько процентов соответственно насколько процентов соответственно насколько процентов соответственно насколько процентов соответственно насколько процентов соответственно насколько процентов соответственно насколько процентов соответственно насколько процентов соответственно насколько процентов соответственно насколько процентов соответственно насколько процентов соответственно насколько процентов соответственно насколько процентов соответственно насколько процентов соответственно насколько процентов соответственно насколько процентов соответственно насколько процентов соответственно насколько процентов соответственно насколько процентов", "numeric_answer": null, "relative_error": null, "thinking_text": null, "has_tool_call": false, "tool_call": null, "usage": {"prompt_tokens": 100, "completion_tokens": 256, "total_tokens": 356, "token_count_source": "tokenizer"}, "decoding": {"temperature": 0.2, "top_p": null, "top_k": null, "max_tokens": 256, "seed": 42}, "prompt_tokens": 100, "completion_tokens": 256, "total_tokens": 356, "token_count_source": "tokenizer", "diffusion_steps": null, "flops_estimate": null, "flops_arch": null, "flops_model_params": null, "flops_active_params": null, "tokens_non_final": 244, "tokens_reasoning": 0, "tokens_response": 244, "elapsed_seconds": 18.664403676986694, "judgement": "Uncategorized"}
{"id": "physics_estimate_000332", "topic": "physics_estimate", "subtopic": "fill_rate", "prompt": "A faucet fills 15 liters at about 5 liters per minute. About how many minutes does it take?", "exact_value": 3.0, "model": "tiiuae/Falcon-H1-7B-Instruct", "provider": "transformers", "response": "альными данными согласно условию задачи мы видим насколько литровую емкость нужно заполнить согласно времени подачи воды через кран согласно условию задачи насколько литров в минутацию соответственно насколько процентов времени оно займет согласно процентов насколько процентов объема оно зайирует согласно процентов процентов согласно процентов процентов процентов процентов процентов процентов процентов процентов процентов процентов процентов процентов процентов процентов процентов процентов процентов процентов процентов процентов процентов процентов процентов процентов процентов процентов процентов процентов процентов процентов процентов процентов процентов процентов процентов процентов процентов процентов процентов процентов процентов процентов процентов процентов процентов процентов процентов процентов процентов процентов процентов процентов процентов процентов процентов процентов процентов процентов процентов процентов процентов процентов процентов процентов процентов процентов процентов процентов процентов процентов процентов процентов процентов процентов процентов процентов процентов процентов процентов процентов процентов процентов процентов процентов процентов процентов процентов процентов процентов процентов процентов процентов процентов процентов процентов процентов процентов процентов процентов процентов процентов процентов процентов процентов процентов процентов процентов процентов процентов процентов процентов процентов процентов процентов процентов процентов процентов процентов процентов процентов процентов процентов процентов процентов процентов процентов процентов процентов процентов процентов процентов процентов процентов процентов процентов процентов процентов процентов процентов процентов процентов процентов процентов процентов процентов процентов процентов процентов процентов процентов процентов процентов процентов процентов процентов процентов процентов процентов процентов процентов процентов процентов процентов процентов процентов процентов процентов процентов процентов процентов процентов процентов процентов процентов процентов процентов процентов процентов процентов процентов процентов процентов процентов процентов процентов процентов процентов процентов процентов процентов процентов процентов процентов процентов процентов процентов процентов процентов", "numeric_answer": null, "relative_error": null, "thinking_text": null, "has_tool_call": false, "tool_call": null, "usage": {"prompt_tokens": 100, "completion_tokens": 256, "total_tokens": 356, "token_count_source": "tokenizer"}, "decoding": {"temperature": 0.2, "top_p": null, "top_k": null, "max_tokens": 256, "seed": 42}, "prompt_tokens": 100, "completion_tokens": 256, "total_tokens": 356, "token_count_source": "tokenizer", "diffusion_steps": null, "flops_estimate": null, "flops_arch": null, "flops_model_params": null, "flops_active_params": null, "tokens_non_final": 240, "tokens_reasoning": 0, "tokens_response": 240, "elapsed_seconds": 18.41238832473755, "judgement": "Uncategorized"}
{"id": "physics_estimate_000352", "topic": "physics_estimate", "subtopic": "fill_rate", "prompt": "A faucet fills 15 liters at about 6 liters per minute. About how many minutes does it take?", "exact_value": 2.5, "model": "tiiuae/Falcon-H1-7B-Instruct", "provider": "transformers", "response": "альными ответами согласно правилам насколько точно могу согласно предоставленной информации насколько точно могу согласно предоставленной информации насколько точно могу согласно предоставленной информации насколько точно могу согласно предоставленнойации насколько точно могу согласно предоставленнойации насколько точно могу согласно предоставленнойации насколько точно могу согласно предоставленнойации насколько точно могу согласно предоставленнойации насколько точно могу согласно предоставленнойации насколько точно могу согласно предоставленнойации насколько точно могу согласно предоставленнойации насколько точно могу согласно предоставленнойации насколько точно могу согласно предоставленнойации насколько точно могу согласно предоставленнойации насколько точно могу согласно предоставленнойации насколько точно могу согласно предоставленнойации насколько точно могу согласно предоставленнойации насколько точно могу согласно предоставленнойации насколько точно могу согласно предоставленнойации насколько точно могу согласно предоставленнойации насколько точно могу согласно предоставленнойации насколько точно могу согласно предоставленнойации насколько точно могу согласно предоставленнойации насколько точно могу согласно предоставленнойации насколько точно могу согласно предоставленнойации насколько точно могу согласно предоставленнойации насколько точно могу согласно предоставленнойации насколько точно могу согласно предоставленнойации насколько точно могу согласно предоставленнойации насколько точно могу согласно предоставленнойации насколько точно могу согласно предоставленнойации насколько точно могу согласно предоставленнойации насколько точно могу согласно предоставленнойации насколько точно могу согласно предоставленнойации насколько точно могу согласно предоставленнойации насколько точно могу согласно предостав", "numeric_answer": null, "relative_error": null, "thinking_text": null, "has_tool_call": false, "tool_call": null, "usage": {"prompt_tokens": 100, "completion_tokens": 256, "total_tokens": 356, "token_count_source": "tokenizer"}, "decoding": {"temperature": 0.2, "top_p": null, "top_k": null, "max_tokens": 256, "seed": 42}, "prompt_tokens": 100, "completion_tokens": 256, "total_tokens": 356, "token_count_source": "tokenizer", "diffusion_steps": null, "flops_estimate": null, "flops_arch": null, "flops_model_params": null, "flops_active_params": null, "tokens_non_final": 187, "tokens_reasoning": 0, "tokens_response": 187, "elapsed_seconds": 18.98794674873352, "judgement": "Uncategorized"}
{"id": "physics_estimate_000372", "topic": "physics_estimate", "subtopic": "fill_rate", "prompt": "A faucet fills 50 liters at about 6 liters per minute. About how many minutes does it take?", "exact_value": 8.333333333333334, "model": "tiiuae/Falcon-H1-7B-Instruct", "provider": "transformers", "response": "альными ответами согласно правилам насколько точно могу согласно предоставленной информации насколько точно могу согласно предоставленной информации насколько точно могу согласно предоставленной информации насколько точно могу согласно предоставленнойации насколько точно могу согласно предоставленнойации насколько точно могу согласно предоставированнойации насколько точно могу согласно предоставированнойации насколько точно могу согласно предоставленнойации насколько точно могу согласно предоставленнойации насколько точно могу согласно предоставленнойации насколько точно могу согласно предоставленнойации насколько точно могу согласно предоставленнойации насколько точно могу согласно предоставленнойации насколько точно могу согласно предоставленнойации насколько точно могу согласно предоставленнойации насколько точно могу согласно предоставированнойации насколько точно могу согласно предоставированнойации насколько точно могу согласно предоставированнойации насколько точно могу согласно предоставленнойации насколько точно могу согласно предоставленнойации насколько точно могу согласно предоставленнойации насколько точно могу согласно предоставленнойации насколько точно могу согласно предоставленнойации насколько точно могу согласно предоставленнойации насколько точно могу согласно предоставленнойации насколько точно могу согласно предоставированнойации насколько точно могу согласно предоставированнойации насколько точно могу согласно предоставленнойации насколько точно могу согласно предоставленнойации насколько точно могу согласно предоставленнойации насколько точно могу согласно предоставированнойации насколько точно могу согласно предоставированнойации насколько точно могу согласно предоставленнойации насколько точно могу согласно предоставленнойации насколько точно могу согласно предоставированнойации насколько точно могу согласно предостав", "numeric_answer": null, "relative_error": null, "thinking_text": null, "has_tool_call": false, "tool_call": null, "usage": {"prompt_tokens": 100, "completion_tokens": 256, "total_tokens": 356, "token_count_source": "tokenizer"}, "decoding": {"temperature": 0.2, "top_p": null, "top_k": null, "max_tokens": 256, "seed": 42}, "prompt_tokens": 100, "completion_tokens": 256, "total_tokens": 356, "token_count_source": "tokenizer", "diffusion_steps": null, "flops_estimate": null, "flops_arch": null, "flops_model_params": null, "flops_active_params": null, "tokens_non_final": 187, "tokens_reasoning": 0, "tokens_response": 187, "elapsed_seconds": 18.737431526184082, "judgement": "Uncategorized"}
{"id": "physics_estimate_000392", "topic": "physics_estimate", "subtopic": "fill_rate", "prompt": "A faucet fills 40 liters at about 7 liters per minute. About how many minutes does it take?", "exact_value": 5.714285714285714, "model": "tiiuae/Falcon-H1-7B-Instruct", "provider": "transformers", "response": "альными ответами согласно правилам насколько точно могу согласно предоставленной информации насколько точно могу согласно предоставленной информации насколько точно могу согласно предоставленной информации насколько точно могу согласно предоставленнойации насколько точно могу согласно предоставленнойации насколько точно могу согласно предоставленнойации насколько точно могу согласно предоставленнойации насколько точно могу согласно предоставленнойации насколько точно могу согласно предоставленнойации насколько точно могу согласно предоставленнойации насколько точно могу согласно предоставленнойации насколько точно могу согласно предоставленнойации насколько точно могу согласно предоставленнойации насколько точно могу согласно предоставленнойации насколько точно могу согласно предоставленнойации насколько точно могу согласно предоставленнойации насколько точно могу согласно предоставленнойации насколько точно могу согласно предоставленнойации насколько точно могу согласно предоставленнойации насколько точно могу согласно предоставленнойации насколько точно могу согласно предоставленнойации насколько точно могу согласно предоставленнойации насколько точно могу согласно предоставленнойации насколько точно могу согласно предоставленнойации насколько точно могу согласно предоставленнойации насколько точно могу согласно предоставленнойации насколько точно могу согласно предоставленнойации насколько точно могу согласно предоставленнойации насколько точно могу согласно предоставленнойации насколько точно могу согласно предоставленнойации насколько точно могу согласно предоставленнойации насколько точно могу согласно предоставленнойации насколько точно могу согласно предоставленнойации насколько точно могу согласно предоставленнойации насколько точно могу согласно предоставленнойации насколько точно могу согласно предостав", "numeric_answer": null, "relative_error": null, "thinking_text": null, "has_tool_call": false, "tool_call": null, "usage": {"prompt_tokens": 100, "completion_tokens": 256, "total_tokens": 356, "token_count_source": "tokenizer"}, "decoding": {"temperature": 0.2, "top_p": null, "top_k": null, "max_tokens": 256, "seed": 42}, "prompt_tokens": 100, "completion_tokens": 256, "total_tokens": 356, "token_count_source": "tokenizer", "diffusion_steps": null, "flops_estimate": null, "flops_arch": null, "flops_model_params": null, "flops_active_params": null, "tokens_non_final": 187, "tokens_reasoning": 0, "tokens_response": 187, "elapsed_seconds": 19.10258197784424, "judgement": "Uncategorized"}
{"id": "physics_estimate_000412", "topic": "physics_estimate", "subtopic": "fill_rate", "prompt": "A faucet fills 10 liters at about 7 liters per minute. About how many minutes does it take?", "exact_value": 1.4285714285714286, "model": "tiiuae/Falcon-H1-7B-Instruct", "provider": "transformers", "response": "альными ответами согласно правилам насколько точно могу насколько точно могу согласно предоставленной информации насколько точно могу насколько точно могу насколько точно могу насколько точно могу насколько точно могу насколько точно могу насколько точно могу насколько точно могу насколько точно могу насколько точно могу насколько точно могу насколько точно могу насколько точно могу насколько точно могу насколько точно могу насколько точно могу насколько точно могу насколько точно могу насколько точно могу насколько точно могу насколько точно могу насколько точно могу насколько точно могу насколько точно могу насколько точно могу насколько точно могу насколько точно могу насколько точно могу насколько точно могу насколько точно могу насколько точно могу насколько точно могу насколько точно могу насколько точно могу насколько точно могу насколько точно могу насколько точно могу насколько точно могу насколько точно могу насколько точно могу насколько точно могу насколько точно могу насколько точно могу насколько точно могу насколько точно могу насколько точно могу насколько точно могу насколько точно могу насколько точно могу насколько точно могу насколько точно могу насколько точно могу насколько точно могу насколько точно могу насколько точно могу насколько точно могу насколько точно могу насколько точно могу насколько точно могу насколько точно могу насколько точно могу насколько точно могу насколько точно могу насколько точно могу насколько точно могу насколько точно могу насколько точно могу насколько точно могу насколько точно могу насколько точно могу насколько точно могу насколько точно могу насколько точно могу насколько точно могу насколько точно могу насколько точно могу насколько точно могу насколько точно могу насколько точно могу насколько точно могу", "numeric_answer": null, "relative_error": null, "thinking_text": null, "has_tool_call": false, "tool_call": null, "usage": {"prompt_tokens": 100, "completion_tokens": 256, "total_tokens": 356, "token_count_source": "tokenizer"}, "decoding": {"temperature": 0.2, "top_p": null, "top_k": null, "max_tokens": 256, "seed": 42}, "prompt_tokens": 100, "completion_tokens": 256, "total_tokens": 356, "token_count_source": "tokenizer", "diffusion_steps": null, "flops_estimate": null, "flops_arch": null, "flops_model_params": null, "flops_active_params": null, "tokens_non_final": 253, "tokens_reasoning": 0, "tokens_response": 253, "elapsed_seconds": 18.601022005081177, "judgement": "Uncategorized"}
{"id": "physics_estimate_000432", "topic": "physics_estimate", "subtopic": "fill_rate", "prompt": "A faucet fills 30 liters at about 6 liters per minute. About how many minutes does it take?", "exact_value": 5.0, "model": "tiiuae/Falcon-H1-7B-Instruct", "provider": "transformers", "response": "альными данными согласно условию задачи насколько возможно точно рассчитаем время наполнения согласно пропускной способности крана согласно условию задачи насколько возможно точно рассчитаем насколько возможно насколько возможно насколько насколько насколько насколько насколько насколько насколько насколько насколько насколько насколько насколько насколько насколько насколько насколько насколько насколько насколько насколько насколько насколько насколько насколько насколько насколько насколько насколько насколько насколько насколько насколько насколько насколько насколько насколько насколько насколько насколько насколько насколько насколько насколько насколько насколько насколько насколько насколько насколько насколько насколько насколько насколько насколько насколько насколько насколько насколько насколько насколько насколько насколько насколько насколько насколько насколько насколько насколько насколько насколько насколько насколько насколько насколько насколько насколько насколько насколько насколько насколько насколько насколько насколько насколько насколько насколько насколько насколько насколько насколько насколько насколько насколько насколько насколько насколько насколько насколько насколько насколько насколько насколько насколько насколько насколько насколько насколько насколько насколько насколько насколько насколько насколько насколько насколько насколько насколько насколько насколько насколько насколько насколько насколько насколько насколько насколько насколько насколько насколько насколько насколько насколько насколько насколько насколько насколько насколько насколько насколько насколько насколько насколько насколько насколько насколько насколько насколько насколько насколько насколько насколько насколько насколько насколько насколько насколько насколько насколько насколько насколько насколько насколько насколько насколько насколько насколько насколько насколько насколько насколько насколько насколько насколько насколько насколько насколько насколько насколько насколько насколько насколько насколько насколько насколько насколько насколько насколько насколько насколько насколько насколько насколько насколько насколько насколько насколько насколько насколько насколько насколько насколько насколько насколько насколько насколько насколько насколько насколько насколько насколько насколько насколько насколько насколько насколько насколько насколько насколько насколько", "numeric_answer": null, "relative_error": null, "thinking_text": null, "has_tool_call": false, "tool_call": null, "usage": {"prompt_tokens": 100, "completion_tokens": 256, "total_tokens": 356, "token_count_source": "tokenizer"}, "decoding": {"temperature": 0.2, "top_p": null, "top_k": null, "max_tokens": 256, "seed": 42}, "prompt_tokens": 100, "completion_tokens": 256, "total_tokens": 356, "token_count_source": "tokenizer", "diffusion_steps": null, "flops_estimate": null, "flops_arch": null, "flops_model_params": null, "flops_active_params": null, "tokens_non_final": 245, "tokens_reasoning": 0, "tokens_response": 245, "elapsed_seconds": 19.165980577468872, "judgement": "Uncategorized"}
{"id": "physics_estimate_000452", "topic": "physics_estimate", "subtopic": "fill_rate", "prompt": "A faucet fills 10 liters at about 5 liters per minute. About how many minutes does it take?", "exact_value": 2.0, "model": "tiiuae/Falcon-H1-7B-Instruct", "provider": "transformers", "response": "альными ответами согласно правилации насколько насколько насколько насколько насколько насколько насколько насколько насколько насколько насколько насколько насколько насколько насколько насколько насколько насколько насколько насколько насколько насколько насколько насколько насколько насколько насколько насколько насколько насколько насколько насколько насколько насколько насколько насколько насколько насколько насколько насколько насколько насколько насколько насколько насколько насколько насколько насколько насколько насколько насколько насколько насколько насколько насколько насколько насколько насколько насколько насколько насколько насколько насколько насколько насколько насколько насколько насколько насколько насколько насколько насколько насколько насколько насколько насколько насколько насколько насколько насколько насколько насколько насколько насколько насколько насколько насколько насколько насколько насколько насколько насколько насколько насколько насколько насколько насколько насколько насколько насколько насколько насколько насколько насколько насколько насколько насколько насколько насколько насколько насколько насколько насколько насколько насколько насколько насколько насколько насколько насколько насколько насколько насколько насколько насколько насколько насколько насколько насколько насколько насколько насколько насколько насколько насколько насколько насколько насколько насколько насколько насколько насколько насколько насколько насколько насколько насколько насколько насколько насколько насколько насколько насколько насколько насколько насколько насколько насколько насколько насколько насколько насколько насколько насколько насколько насколько насколько насколько насколько насколько насколько насколько насколько насколько насколько насколько насколько насколько насколько насколько насколько насколько насколько насколько насколько насколько насколько насколько насколько насколько насколько насколько насколько насколько насколько насколько насколько насколько насколько насколько насколько насколько насколько насколько насколько насколько насколько насколько насколько насколько насколько насколько насколько насколько насколько насколько насколько насколько насколько насколько насколько насколько насколько насколько насколько насколько насколько насколько насколько насколько насколько насколько насколько насколько насколько насколько насколько насколько насколько насколько насколько насколько насколько насколько насколько насколько насколько насколько насколько насколько", "numeric_answer": null, "relative_error": null, "thinking_text": null, "has_tool_call": false, "tool_call": null, "usage": {"prompt_tokens": 100, "completion_tokens": 256, "total_tokens": 356, "token_count_source": "tokenizer"}, "decoding": {"temperature": 0.2, "top_p": null, "top_k": null, "max_tokens": 256, "seed": 42}, "prompt_tokens": 100, "completion_tokens": 256, "total_tokens": 356, "token_count_source": "tokenizer", "diffusion_steps": null, "flops_estimate": null, "flops_arch": null, "flops_model_params": null, "flops_active_params": null, "tokens_non_final": 254, "tokens_reasoning": 0, "tokens_response": 254, "elapsed_seconds": 18.66135811805725, "judgement": "Uncategorized"}
{"id": "physics_estimate_000472", "topic": "physics_estimate", "subtopic": "fill_rate", "prompt": "A faucet fills 30 liters at about 6 liters per minute. About how many minutes does it take?", "exact_value": 5.0, "model": "tiiuae/Falcon-H1-7B-Instruct", "provider": "transformers", "response": "альными ответами согласно правилам насколько точно могу согласно предоставленной информации насколько точно могу согласно предоставленной информации насколько точно могу согласно предоставленной информации насколько точно могу согласно предоставленнойации насколько точно могу согласно предоставированнойации насколько точно могу согласно предоставированнойации насколько точно могу согласно предоставированнойации насколько точно могу согласно предоставированнойации насколько точно могу согласно предоставированнойации насколько точно могу согласно предоставированнойации насколько точно могу согласно предоставированнойации насколько точно могу согласно предоставированнойации насколько точно могу согласно предоставированнойации насколько точно могу согласно предоставированнойации насколько точно могу согласно предоставированнойации насколько точно могу согласно предоставированнойации насколько точно могу согласно предоставированнойации насколько точно могу согласно предоставированнойации насколько точно могу согласно предоставированнойации насколько точно могу согласно предоставированнойации насколько точно могу согласно предоставированнойации насколько точно могу согласно предоставированнойации насколько точно могу согласно предоставированнойации насколько точно могу согласно предоставированнойации насколько точно могу согласно предоставированнойации насколько точно могу согласно предоставированнойации насколько точно могу согласно предоставированнойации насколько точно могу согласно предоставированнойации насколько точно могу согласно предоставированнойации насколько точно могу согласно предоставированнойации насколько точно могу согласно предоставированнойации насколько точно могу согласно предоставированнойации насколько точно могу согласно предоставированнойации насколько точно могу согласно предоставированнойации насколько точно могу согласно предоставированнойации насколько точно могу согласно предостав", "numeric_answer": null, "relative_error": null, "thinking_text": null, "has_tool_call": false, "tool_call": null, "usage": {"prompt_tokens": 100, "completion_tokens": 256, "total_tokens": 356, "token_count_source": "tokenizer"}, "decoding": {"temperature": 0.2, "top_p": null, "top_k": null, "max_tokens": 256, "seed": 42}, "prompt_tokens": 100, "completion_tokens": 256, "total_tokens": 356, "token_count_source": "tokenizer", "diffusion_steps": null, "flops_estimate": null, "flops_arch": null, "flops_model_params": null, "flops_active_params": null, "tokens_non_final": 187, "tokens_reasoning": 0, "tokens_response": 187, "elapsed_seconds": 18.679848194122314, "judgement": "Uncategorized"}
{"id": "physics_estimate_000492", "topic": "physics_estimate", "subtopic": "fill_rate", "prompt": "A faucet fills 30 liters at about 7 liters per minute. About how many minutes does it take?", "exact_value": 4.285714285714286, "model": "tiiuae/Falcon-H1-7B-Instruct", "provider": "transformers", "response": "альными расчетами согласно приведенной информации решаем задаются путем пропорции между объемом воды и временем подачи согласно скорости подачи воды через кран насколько насколько насколько насколько насколько насколько насколько насколько насколько насколько насколько насколько насколько насколько насколько насколько насколько насколько насколько насколько насколько насколько насколько насколько насколько насколько насколько насколько насколько насколько насколько насколько насколько насколько насколько насколько насколько насколько насколько насколько насколько насколько насколько насколько насколько насколько насколько насколько насколько насколько насколько насколько насколько насколько насколько насколько насколько насколько насколько насколько насколько насколько насколько насколько насколько насколько насколько насколько насколько насколько насколько насколько насколько насколько насколько насколько насколько насколько насколько насколько насколько насколько насколько насколько насколько насколько насколько насколько насколько насколько насколько насколько насколько насколько насколько насколько насколько насколько насколько насколько насколько насколько насколько насколько насколько насколько насколько насколько насколько насколько насколько насколько насколько насколько насколько насколько насколько насколько насколько насколько насколько насколько насколько насколько насколько насколько насколько насколько насколько насколько насколько насколько насколько насколько насколько насколько насколько насколько насколько насколько насколько насколько насколько насколько насколько насколько насколько насколько насколько насколько насколько насколько насколько насколько насколько насколько насколько насколько насколько насколько насколько насколько насколько насколько насколько насколько насколько насколько насколько насколько насколько насколько насколько насколько насколько насколько насколько насколько насколько насколько насколько насколько насколько насколько насколько насколько насколько насколько насколько насколько насколько насколько насколько насколько насколько насколько насколько насколько насколько насколько насколько насколько насколько насколько насколько насколько насколько насколько насколько насколько насколько насколько насколько насколько насколько насколько насколько насколько насколько насколько насколько насколько насколько насколько", "numeric_answer": null, "relative_error": null, "thinking_text": null, "has_tool_call": false, "tool_call": null, "usage": {"prompt_tokens": 100, "completion_tokens": 256, "total_tokens": 356, "token_count_source": "tokenizer"}, "decoding": {"temperature": 0.2, "top_p": null, "top_k": null, "max_tokens": 256, "seed": 42}, "prompt_tokens": 100, "completion_tokens": 256, "total_tokens": 356, "token_count_source": "tokenizer", "diffusion_steps": null, "flops_estimate": null, "flops_arch": null, "flops_model_params": null, "flops_active_params": null, "tokens_non_final": 245, "tokens_reasoning": 0, "tokens_response": 245, "elapsed_seconds": 18.79992389678955, "judgement": "Uncategorized"}
{"id": "physics_estimate_000512", "topic": "physics_estimate", "subtopic": "fill_rate", "prompt": "A faucet fills 20 liters at about 8 liters per minute. About how many minutes does it take?", "exact_value": 2.5, "model": "tiiuae/Falcon-H1-7B-Instruct", "provider": "transformers", "response": "альными ответами согласно правилам насколько точно могу согласно предоставленной информации насколько точно могу согласно предоставленной информации насколько точно могу согласно предоставленной информации насколько точно могу согласно предоставленнойации насколько точно могу согласно предоставированнойации насколько точно могу согласно предоставированнойации насколько точно могу согласно предоставированнойации насколько точно могу согласно предоставированнойации насколько точно могу согласно предоставированнойации насколько точно могу согласно предоставированнойации насколько точно могу согласно предоставированнойации насколько точно могу согласно предоставированнойации насколько точно могу согласно предоставированнойации насколько точно могу согласно предоставированнойации насколько точно могу согласно предоставированнойации насколько точно могу согласно предоставированнойации насколько точно могу согласно предоставированнойации насколько точно могу согласно предоставированнойации насколько точно могу согласно предоставированнойации насколько точно могу согласно предоставированнойации насколько точно могу согласно предоставированнойации насколько точно могу согласно предоставированнойации насколько точно могу согласно предоставированнойации насколько точно могу согласно предоставированнойации насколько точно могу согласно предоставированнойации насколько точно могу согласно предоставированнойации насколько точно могу согласно предоставированнойации насколько точно могу согласно предоставированнойации насколько точно могу согласно предоставированнойации насколько точно могу согласно предоставированнойации насколько точно могу согласно предоставированнойации насколько точно могу согласно предоставированнойации насколько точно могу согласно предоставированнойации насколько точно могу согласно предоставированнойации насколько точно могу согласно предоставированнойации насколько точно могу согласно предостав", "numeric_answer": null, "relative_error": null, "thinking_text": null, "has_tool_call": false, "tool_call": null, "usage": {"prompt_tokens": 100, "completion_tokens": 256, "total_tokens": 356, "token_count_source": "tokenizer"}, "decoding": {"temperature": 0.2, "top_p": null, "top_k": null, "max_tokens": 256, "seed": 42}, "prompt_tokens": 100, "completion_tokens": 256, "total_tokens": 356, "token_count_source": "tokenizer", "diffusion_steps": null, "flops_estimate": null, "flops_arch": null, "flops_model_params": null, "flops_active_params": null, "tokens_non_final": 187, "tokens_reasoning": 0, "tokens_response": 187, "elapsed_seconds": 19.617881774902344, "judgement": "Uncategorized"}
{"id": "physics_estimate_000532", "topic": "physics_estimate", "subtopic": "fill_rate", "prompt": "A faucet fills 50 liters at about 6 liters per minute. About how many minutes does it take?", "exact_value": 8.333333333333334, "model": "tiiuae/Falcon-H1-7B-Instruct", "provider": "transformers", "response": "альными данными согласно условию задачи насколько возможно точно рассчитаем время заполнения согласно пропускной способности крана согласно условию задачи насколько возможно точно рассчитаем насколько возможно точно насколько возможно насколько насколько насколько насколько насколько насколько насколько насколько насколько насколько насколько насколько насколько насколько насколько насколько насколько насколько насколько насколько насколько насколько насколько насколько насколько насколько насколько насколько насколько насколько насколько насколько насколько насколько насколько насколько насколько насколько насколько насколько насколько насколько насколько насколько насколько насколько насколько насколько насколько насколько насколько насколько насколько насколько насколько насколько насколько насколько насколько насколько насколько насколько насколько насколько насколько насколько насколько насколько насколько насколько насколько насколько насколько насколько насколько насколько насколько насколько насколько насколько насколько насколько насколько насколько насколько насколько насколько насколько насколько насколько насколько насколько насколько насколько насколько насколько насколько насколько насколько насколько насколько насколько насколько насколько насколько насколько насколько насколько насколько насколько насколько насколько насколько насколько насколько насколько насколько насколько насколько насколько насколько насколько насколько насколько насколько насколько насколько насколько насколько насколько насколько насколько насколько насколько насколько насколько насколько насколько насколько насколько насколько насколько насколько насколько насколько насколько насколько насколько насколько насколько насколько насколько насколько насколько насколько насколько насколько насколько насколько насколько насколько насколько насколько насколько насколько насколько насколько насколько насколько насколько насколько насколько насколько насколько насколько насколько насколько насколько насколько насколько насколько насколько насколько насколько насколько насколько насколько насколько насколько насколько насколько насколько насколько насколько насколько насколько насколько насколько насколько насколько насколько насколько насколько насколько насколько насколько насколько насколько насколько насколько насколько насколько насколько насколько насколько насколько насколько насколько", "numeric_answer": null, "relative_error": null, "thinking_text": null, "has_tool_call": false, "tool_call": null, "usage": {"prompt_tokens": 100, "completion_tokens": 256, "total_tokens": 356, "token_count_source": "tokenizer"}, "decoding": {"temperature": 0.2, "top_p": null, "top_k": null, "max_tokens": 256, "seed": 42}, "prompt_tokens": 100, "completion_tokens": 256, "total_tokens": 356, "token_count_source": "tokenizer", "diffusion_steps": null, "flops_estimate": null, "flops_arch": null, "flops_model_params": null, "flops_active_params": null, "tokens_non_final": 245, "tokens_reasoning": 0, "tokens_response": 245, "elapsed_seconds": 19.013932466506958, "judgement": "Uncategorized"}
{"id": "physics_estimate_000552", "topic": "physics_estimate", "subtopic": "fill_rate", "prompt": "A faucet fills 40 liters at about 8 liters per minute. About how many minutes does it take?", "exact_value": 5.0, "model": "tiiuae/Falcon-H1-7B-Instruct", "provider": "transformers", "response": "альными ответами согласно правилам насколько точно могу насколько могу согласно предоставленной информации насколько точно могу насколько могу согласно предоставленной информации насколько точно могу насколько могу согласно предоставленной информации насколько точно могу насколько могу согласно предоставленной информации насколько точно могу насколько могу согласно предоставленнойации насколько точно могу насколько могу согласно предоставленнойации насколько точно могу насколько могу согласно предоставированнойации насколько точно могу насколько могу согласно предоставленнойации насколько точно могу насколько могу согласно предоставленнойации насколько точно могу насколько могу согласно предоставленнойации насколько точно могу насколько могу согласно предоставленнойации насколько точно могу насколько могу согласно предоставленнойации насколько точно могу насколько могу согласно предоставленнойации насколько точно могу насколько могу согласно предоставленнойации насколько точно могу насколько могу согласно предоставленнойации насколько точно могу насколько могу согласно предоставированнойации насколько точно могу насколько могу согласно предоставленнойации насколько точно могу насколько могу согласно предоставленнойации насколько точно могу насколько могу согласно предоставленнойации насколько точно могу насколько могу согласно предоставленнойации насколько точно могу насколько могу согласно предоставленнойации насколько точно могу насколько могу согласно предоставленнойации насколько точно могу насколько могу согласно предоставленнойации насколько точно могу насколько могу согласно предоставленнойации насколько точно могу насколько могу согласно предоставированнойации насколько точно могу насколько могу согласно предоставленнойации насколько точно могу насколько могу согласно предоставленнойации насколько точно могу насколько могу согласно предостав", "numeric_answer": null, "relative_error": null, "thinking_text": null, "has_tool_call": false, "tool_call": null, "usage": {"prompt_tokens": 100, "completion_tokens": 256, "total_tokens": 356, "token_count_source": "tokenizer"}, "decoding": {"temperature": 0.2, "top_p": null, "top_k": null, "max_tokens": 256, "seed": 42}, "prompt_tokens": 100, "completion_tokens": 256, "total_tokens": 356, "token_count_source": "tokenizer", "diffusion_steps": null, "flops_estimate": null, "flops_arch": null, "flops_model_params": null, "flops_active_params": null, "tokens_non_final": 204, "tokens_reasoning": 0, "tokens_response": 204, "elapsed_seconds": 19.223299264907837, "judgement": "Uncategorized"}
{"id": "physics_estimate_000572", "topic": "physics_estimate", "subtopic": "fill_rate", "prompt": "A faucet fills 30 liters at about 8 liters per minute. About how many minutes does it take?", "exact_value": 3.75, "model": "tiiuae/Falcon-H1-7B-Instruct", "provider": "transformers", "response": "альнымиальнымиальнымиальнымиальнымиальнымиальнымиальнымиальнымиальнымиальнымиальнымиальнымиальнымиальнымиальнымиальнымиальнымиальнымиальнымиальнымиальнымиальнымиальнымиальнымиальнымиальнымиальнымиальнымиальнымиальнымиальнымиальнымиальнымиальнымиальнымиальнымиальнымиальнымиальнымиальнымиальнымиальнымиальнымиальнымиальнымиальнымиальнымиальнымиальнымиальнымиальнымиальнымиальнымиальнымиальнымиальнымиальнымиальнымиальнымиальнымиальнымиальнымиальнымиальнымиальнымиальнымиальнымиальнымиальнымиальнымиальнымиальнымиальнымиальнымиальнымиальнымиальнымиальнымиальнымиальнымиальнымиальнымиальнымиальнымиальнымиальнымиальнымиальнымиальнымиальнымиальнымиальнымиальнымиальнымиальнымиальнымиальнымиальнымиальнымиальнымиальнымиальнымиальнымиальнымиальнымиальнымиальнымиальнымиальнымиальнымиальнымиальнымиальнымиальнымиальнымиальнымиальнымиальнымиальнымиальнымиальнымиальнымиальнымиальнымиальнымиальнымиальнымиальнымиальнымиальнымиальнымиальнымиальнымиальнымиальнымиальнымиальнымиальнымиальнымиальнымиальнымиальнымиальнымиальнымиальнымиальнымиальнымиальнымиальнымиальнымиальнымиальнымиальнымиальнымиальнымиальнымиальнымиальнымиальнымиальнымиальнымиальнымиальнымиальнымиальнымиальнымиальнымиальнымиальнымиальнымиальнымиальнымиальнымиальнымиальнымиальнымиальнымиальнымиальнымиальнымиальнымиальнымиальнымиальнымиальнымиальнымиальнымиальнымиальнымиальнымиальнымиальнымиальнымиальнымиальнымиальнымиальнымиальнымиальнымиальнымиальнымиальнымиальнымиальнымиальнымиальнымиальнымиальнымиальнымиальнымиальнымиальнымиальнымиальнымиальнымиальнымиальнымиальнымиальнымиальнымиальнымиальнымиальнымиальнымиальнымиальнымиальнымиальнымиальнымиальнымиальнымиальнымиальнымиальнымиальнымиальнымиальнымиальнымиальнымиальнымиальнымиальнымиальнымиальнымиальнымиальнымиальнымиальнымиальнымиальнымиальнымиальнымиальнымиальнымиальными", "numeric_answer": null, "relative_error": null, "thinking_text": null, "has_tool_call": false, "tool_call": null, "usage": {"prompt_tokens": 100, "completion_tokens": 256, "total_tokens": 356, "token_count_source": "tokenizer"}, "decoding": {"temperature": 0.2, "top_p": null, "top_k": null, "max_tokens": 256, "seed": 42}, "prompt_tokens": 100, "completion_tokens": 256, "total_tokens": 356, "token_count_source": "tokenizer", "diffusion_steps": null, "flops_estimate": null, "flops_arch": null, "flops_model_params": null, "flops_active_params": null, "tokens_non_final": 1, "tokens_reasoning": 0, "tokens_response": 1, "elapsed_seconds": 20.17169976234436, "judgement": "Uncategorized"}
{"id": "physics_estimate_000592", "topic": "physics_estimate", "subtopic": "fill_rate", "prompt": "A faucet fills 30 liters at about 6 liters per minute. About how many minutes does it take?", "exact_value": 5.0, "model": "tiiuae/Falcon-H1-7B-Instruct", "provider": "transformers", "response": "�альное решение согласно правилальным указания насколько точно могу согласно предоставленной информации насколько точно могу согласно предоставленной информации насколько точно могу согласно предоставленнойации насколько точно могу согласно предоставированнойации насколько точно могу согласно предоставленнойации насколько точно могу согласно предоставленнойации насколько точно могу согласно предоставленнойации насколько точно могу согласно предоставленнойации насколько точно могу согласно предоставленнойации насколько точно могу согласно предоставленнойации насколько точно могу согласно предоставированнойации насколько точно могу согласно предоставленнойации насколько точно могу согласно предоставленнойации насколько точно могу согласно предоставленнойации насколько точно могу согласно предоставированнойации насколько точно могу согласно предоставленнойации насколько точно могу согласно предоставленнойации насколько точно могу согласно предоставленнойации насколько точно могу согласно предоставленнойации насколько точно могу согласно предоставленнойации насколько точно могу согласно предоставированнойации насколько точно могу согласно предоставленнойации насколько точно могу согласно предоставленнойации насколько точно могу согласно предоставленнойации насколько точно могу согласно предоставированнойации насколько точно могу согласно предоставленнойации насколько точно могу согласно предоставленнойации насколько точно могу согласно предоставированнойации насколько точно могу согласно предоставленнойации насколько точно могу согласно предоставленнойации насколько точно могу согласно предоставированнойации насколько точно могу согласно предоставленнойации насколько точно могу согласно предостав kompensierte kompensierte kompensierte kompensierte kompensierte kompensierte kompensierte kompensierte kompensierte kompens", "numeric_answer": null, "relative_error": null, "thinking_text": null, "has_tool_call": false, "tool_call": null, "usage": {"prompt_tokens": 100, "completion_tokens": 256, "total_tokens": 356, "token_count_source": "tokenizer"}, "decoding": {"temperature": 0.2, "top_p": null, "top_k": null, "max_tokens": 256, "seed": 42}, "prompt_tokens": 100, "completion_tokens": 256, "total_tokens": 356, "token_count_source": "tokenizer", "diffusion_steps": null, "flops_estimate": null, "flops_arch": null, "flops_model_params": null, "flops_active_params": null, "tokens_non_final": 182, "tokens_reasoning": 0, "tokens_response": 182, "elapsed_seconds": 19.255361318588257, "judgement": "Uncategorized"}
{"id": "physics_estimate_000612", "topic": "physics_estimate", "subtopic": "fill_rate", "prompt": "A faucet fills 20 liters at about 6 liters per minute. About how many minutes does it take?", "exact_value": 3.3333333333333335, "model": "tiiuae/Falcon-H1-7B-Instruct", "provider": "transformers", "response": "альными ответами согласно правилам насколько точно могу насколько могу согласно предоставленной информации насколько точно могу насколько могу согласно предоставленной информации насколько точно могу насколько могу согласно предоставленной информации насколько точно могу насколько могу согласно предоставленнойации насколько точно могу насколько могу согласно предоставленнойации насколько точно могу насколько могу согласно предоставированнойации насколько точно могу насколько могу согласно предоставленнойации насколько точно могу насколько могу согласно предоставленнойации насколько точно могу насколько могу согласно предоставленнойации насколько точно могу насколько могу согласно предоставленнойации насколько точно могу насколько могу согласно предоставленнойации насколько точно могу насколько могу согласно предоставленнойации насколько точно могу насколько могу согласно предоставленнойации насколько точно могу насколько могу согласно предоставированнойации насколько точно могу насколько могу согласно предоставленнойации насколько точно могу насколько могу согласно предоставленнойации насколько точно могу насколько могу согласно предоставленнойации насколько точно могу насколько могу согласно предоставленнойации насколько точно могу насколько могу согласно предоставленнойации насколько точно могу насколько могу согласно предоставленнойации насколько точно могу насколько могу согласно предоставленнойации насколько точно могу насколько могу согласно предоставированнойации насколько точно могу насколько могу согласно предоставленнойации насколько точно могу насколько могу согласно предоставленнойации насколько точно могу насколько могу согласно предоставленнойации насколько точно могу насколько могу согласно предоставированнойации насколько точно могу насколько могу согласно предоставленнойации насколько точно могу насколько могу согласно предостав", "numeric_answer": null, "relative_error": null, "thinking_text": null, "has_tool_call": false, "tool_call": null, "usage": {"prompt_tokens": 100, "completion_tokens": 256, "total_tokens": 356, "token_count_source": "tokenizer"}, "decoding": {"temperature": 0.2, "top_p": null, "top_k": null, "max_tokens": 256, "seed": 42}, "prompt_tokens": 100, "completion_tokens": 256, "total_tokens": 356, "token_count_source": "tokenizer", "diffusion_steps": null, "flops_estimate": null, "flops_arch": null, "flops_model_params": null, "flops_active_params": null, "tokens_non_final": 203, "tokens_reasoning": 0, "tokens_response": 203, "elapsed_seconds": 18.98588275909424, "judgement": "Uncategorized"}
{"id": "physics_estimate_000632", "topic": "physics_estimate", "subtopic": "fill_rate", "prompt": "A faucet fills 10 liters at about 7 liters per minute. About how many minutes does it take?", "exact_value": 1.4285714285714286, "model": "tiiuae/Falcon-H1-7B-Instruct", "provider": "transformers", "response": "альными ответами согласно правилам насколько точно могу насколько могу согласно предоставленной информации насколько точно могу насколько могу согласно предоставленной информации насколько точно могу насколько могу согласно предоставленной информации насколько точно могу насколько могу согласно предоставленнойации насколько точно могу насколько могу согласно предоставированнойации насколько точно могу насколько могу согласно предоставированнойации насколько точно могу насколько могу согласно предоставированнойации насколько точно могу насколько могу согласно предоставированнойации насколько точно могу насколько могу согласно предоставированнойации насколько точно могу насколько могу согласно предоставированнойации насколько точно могу насколько могу согласно предоставированнойации насколько точно могу насколько могу согласно предоставированнойации насколько точно могу насколько могу согласно предоставированнойации насколько точно могу насколько могу согласно предоставированнойации насколько точно могу насколько могу согласно предоставированнойации насколько точно могу насколько могу согласно предоставированнойации насколько точно могу насколько могу согласно предоставированнойации насколько точно могу насколько могу согласно предоставированнойации насколько точно могу насколько могу согласно предоставированнойации насколько точно могу насколько могу согласно предоставированнойации насколько точно могу насколько могу согласно предоставированнойации насколько точно могу насколько могу согласно предоставированнойации насколько точно могу насколько могу согласно предоставированнойации насколько точно могу насколько могу согласно предоставированнойации насколько точно могу насколько могу согласно предоставированнойации насколько точно могу насколько могу согласно предоставированнойации насколько точно могу насколько могу согласно предоставированнойации насколько точно могу насколько могу согласно предостав", "numeric_answer": null, "relative_error": null, "thinking_text": null, "has_tool_call": false, "tool_call": null, "usage": {"prompt_tokens": 100, "completion_tokens": 256, "total_tokens": 356, "token_count_source": "tokenizer"}, "decoding": {"temperature": 0.2, "top_p": null, "top_k": null, "max_tokens": 256, "seed": 42}, "prompt_tokens": 100, "completion_tokens": 256, "total_tokens": 356, "token_count_source": "tokenizer", "diffusion_steps": null, "flops_estimate": null, "flops_arch": null, "flops_model_params": null, "flops_active_params": null, "tokens_non_final": 203, "tokens_reasoning": 0, "tokens_response": 203, "elapsed_seconds": 18.82288432121277, "judgement": "Uncategorized"}
{"id": "physics_estimate_000652", "topic": "physics_estimate", "subtopic": "fill_rate", "prompt": "A faucet fills 30 liters at about 6 liters per minute. About how many minutes does it take?", "exact_value": 5.0, "model": "tiiuae/Falcon-H1-7B-Instruct", "provider": "transformers", "response": "альными ответами согласно правилам насколько точно могу насколько могу согласно предоставленной информации насколько точно могу насколько могу согласно предоставленной информации насколько точно могу насколько могу согласно предоставленной информации насколько точно могу насколько могу согласно предоставленнойации насколько точно могу насколько могу согласно предоставированнойации насколько точно могу насколько могу согласно предоставленнойации насколько точно могу насколько могу согласно предоставированнойации насколько точно могу насколько могу согласно предоставленнойации насколько точно могу насколько могу согласно предоставированнойации насколько точно могу насколько могу согласно предоставированнойации насколько точно могу насколько могу согласно предоставированнойации насколько точно могу насколько могу согласно предоставированнойации насколько точно могу насколько могу согласно предоставированнойации насколько точно могу насколько могу согласно предоставированнойации насколько точно могу насколько могу согласно предоставированнойации насколько точно могу насколько могу согласно предоставированнойации насколько точно могу насколько могу согласно предоставированнойации насколько точно могу насколько могу согласно предоставированнойации насколько точно могу насколько могу согласно предоставированнойации насколько точно могу насколько могу согласно предоставированнойации насколько точно могу насколько могу согласно предоставированнойации насколько точно могу насколько могу согласно предоставированнойации насколько точно могу насколько могу согласно предоставированнойации насколько точно могу насколько могу согласно предоставированнойации насколько точно могу насколько могу согласно предоставированнойации насколько точно могу насколько могу согласно предоставированнойации насколько точно могу насколько могу согласно предоставированнойации насколько точно могу насколько могу согласно предостав", "numeric_answer": null, "relative_error": null, "thinking_text": null, "has_tool_call": false, "tool_call": null, "usage": {"prompt_tokens": 100, "completion_tokens": 256, "total_tokens": 356, "token_count_source": "tokenizer"}, "decoding": {"temperature": 0.2, "top_p": null, "top_k": null, "max_tokens": 256, "seed": 42}, "prompt_tokens": 100, "completion_tokens": 256, "total_tokens": 356, "token_count_source": "tokenizer", "diffusion_steps": null, "flops_estimate": null, "flops_arch": null, "flops_model_params": null, "flops_active_params": null, "tokens_non_final": 203, "tokens_reasoning": 0, "tokens_response": 203, "elapsed_seconds": 19.6047203540802, "judgement": "Uncategorized"}
{"id": "physics_estimate_000672", "topic": "physics_estimate", "subtopic": "fill_rate", "prompt": "A faucet fills 10 liters at about 7 liters per minute. About how many minutes does it take?", "exact_value": 1.4285714285714286, "model": "tiiuae/Falcon-H1-7B-Instruct", "provider": "transformers", "response": "альными ответами согласно правилам насколько точно могу согласно предоставленной информации насколько точно могу согласно предоставленной информации насколько точно могу согласно предоставленной информации насколько точно могу согласно предоставленнойации насколько точно могу согласно предоставированнойации насколько точно могу согласно предоставированнойации насколько точно могу согласно предоставированнойации насколько точно могу согласно предоставированнойации насколько точно могу согласно предоставированнойации насколько точно могу согласно предоставированнойации насколько точно могу согласно предоставированнойации насколько точно могу согласно предоставированнойации насколько точно могу согласно предоставированнойации насколько точно могу согласно предоставированнойации насколько точно могу согласно предоставированнойации насколько точно могу согласно предоставированнойации насколько точно могу согласно предоставированнойации насколько точно могу согласно предоставированнойации насколько точно могу согласно предоставированнойации насколько точно могу согласно предоставированнойации насколько точно могу согласно предоставированнойации насколько точно могу согласно предоставированнойации насколько точно могу согласно предоставированнойации насколько точно могу согласно предоставированнойации насколько точно могу согласно предоставированнойации насколько точно могу согласно предоставированнойации насколько точно могу согласно предоставированнойации насколько точно могу согласно предоставированнойации насколько точно могу согласно предоставированнойации насколько точно могу согласно предоставированнойации насколько точно могу согласно предоставированнойации насколько точно могу согласно предоставированнойации насколько точно могу согласно предоставированнойации насколько точно могу согласно предоставированнойации насколько точно могу согласно предоставированнойации насколько точно могу согласно предостав", "numeric_answer": null, "relative_error": null, "thinking_text": null, "has_tool_call": false, "tool_call": null, "usage": {"prompt_tokens": 100, "completion_tokens": 256, "total_tokens": 356, "token_count_source": "tokenizer"}, "decoding": {"temperature": 0.2, "top_p": null, "top_k": null, "max_tokens": 256, "seed": 42}, "prompt_tokens": 100, "completion_tokens": 256, "total_tokens": 356, "token_count_source": "tokenizer", "diffusion_steps": null, "flops_estimate": null, "flops_arch": null, "flops_model_params": null, "flops_active_params": null, "tokens_non_final": 187, "tokens_reasoning": 0, "tokens_response": 187, "elapsed_seconds": 20.06896710395813, "judgement": "Uncategorized"}
{"id": "physics_estimate_000692", "topic": "physics_estimate", "subtopic": "fill_rate", "prompt": "A faucet fills 50 liters at about 6 liters per minute. About how many minutes does it take?", "exact_value": 8.333333333333334, "model": "tiiuae/Falcon-H1-7B-Instruct", "provider": "transformers", "response": "альными ответами согласно правилам насколько точно могу насколько могу насколько точно насколько могу насколько точно насколько могу насколько точно насколько могу насколько точно насколько могу насколько точно насколько могу насколько точно насколько могу насколько точно насколько могу насколько точно насколько могу насколько точно насколько могу насколько точно насколько могу насколько точно насколько могу насколько точно насколько могу насколько точно насколько могу насколько точно насколько могу насколько точно насколько могу насколько точно насколько могу насколько точно насколько могу насколько точно насколько могу насколько точно насколько могу насколько точно насколько могу насколько точно насколько могу насколько точно насколько могу насколько точно насколько могу насколько точно насколько могу насколько точно насколько могу насколько точно насколько могу насколько точно насколько могу насколько точно насколько могу насколько точно насколько могу насколько точно насколько могу насколько точно насколько могу насколько точно насколько могу насколько точно насколько могу насколько точно насколько могу насколько точно насколько могу насколько точно насколько могу насколько точно насколько могу насколько точно насколько могу насколько точно насколько могу насколько точно насколько могу насколько точно насколько могу насколько точно насколько могу насколько точно насколько могу насколько точно насколько могу насколько точно насколько могу насколько точно насколько могу насколько точно насколько могу насколько точно насколько могу насколько точно насколько могу насколько точно насколько могу насколько точно насколько могу насколько точно насколько могу насколько точно насколько могу насколько точно насколько могу насколько точно насколько могу насколько точно насколько могу насколько точно насколько могу насколько точно насколько могу насколько точно насколько могу насколько точно насколько могу насколько точно насколько могу насколько", "numeric_answer": null, "relative_error": null, "thinking_text": null, "has_tool_call": false, "tool_call": null, "usage": {"prompt_tokens": 100, "completion_tokens": 256, "total_tokens": 356, "token_count_source": "tokenizer"}, "decoding": {"temperature": 0.2, "top_p": null, "top_k": null, "max_tokens": 256, "seed": 42}, "prompt_tokens": 100, "completion_tokens": 256, "total_tokens": 356, "token_count_source": "tokenizer", "diffusion_steps": null, "flops_estimate": null, "flops_arch": null, "flops_model_params": null, "flops_active_params": null, "tokens_non_final": 254, "tokens_reasoning": 0, "tokens_response": 254, "elapsed_seconds": 18.956400394439697, "judgement": "Uncategorized"}
{"id": "physics_estimate_000712", "topic": "physics_estimate", "subtopic": "fill_rate", "prompt": "A faucet fills 15 liters at about 7 liters per minute. About how many minutes does it take?", "exact_value": 2.142857142857143, "model": "tiiuae/Falcon-H1-7B-Instruct", "provider": "transformers", "response": "альными ответами согласно правилации насколько насколько насколько насколько насколько насколько насколько насколько насколько насколько насколько насколько насколько насколько насколько насколько насколько насколько насколько насколько насколько насколько насколько насколько насколько насколько насколько насколько насколько насколько насколько насколько насколько насколько насколько насколько насколько насколько насколько насколько насколько насколько насколько насколько насколько насколько насколько насколько насколько насколько насколько насколько насколько насколько насколько насколько насколько насколько насколько насколько насколько насколько насколько насколько насколько насколько насколько насколько насколько насколько насколько насколько насколько насколько насколько насколько насколько насколько насколько насколько насколько насколько насколько насколько насколько насколько насколько насколько насколько насколько насколько насколько насколько насколько насколько насколько насколько насколько насколько насколько насколько насколько насколько насколько насколько насколько насколько насколько насколько насколько насколько насколько насколько насколько насколько насколько насколько насколько насколько насколько насколько насколько насколько насколько насколько насколько насколько насколько насколько насколько насколько насколько насколько насколько насколько насколько насколько насколько насколько насколько насколько насколько насколько насколько насколько насколько насколько насколько насколько насколько насколько насколько насколько насколько насколько насколько насколько насколько насколько насколько насколько насколько насколько насколько насколько насколько насколько насколько насколько насколько насколько насколько насколько насколько насколько насколько насколько насколько насколько насколько насколько насколько насколько насколько насколько насколько насколько насколько насколько насколько насколько насколько насколько насколько насколько насколько насколько насколько насколько насколько насколько насколько насколько насколько насколько насколько насколько насколько насколько насколько насколько насколько насколько насколько насколько насколько насколько насколько насколько насколько насколько насколько насколько насколько насколько насколько насколько насколько насколько насколько насколько насколько насколько насколько насколько насколько насколько насколько насколько насколько насколько насколько насколько насколько насколько насколько насколько насколько насколько насколько", "numeric_answer": null, "relative_error": null, "thinking_text": null, "has_tool_call": false, "tool_call": null, "usage": {"prompt_tokens": 100, "completion_tokens": 256, "total_tokens": 356, "token_count_source": "tokenizer"}, "decoding": {"temperature": 0.2, "top_p": null, "top_k": null, "max_tokens": 256, "seed": 42}, "prompt_tokens": 100, "completion_tokens": 256, "total_tokens": 356, "token_count_source": "tokenizer", "diffusion_steps": null, "flops_estimate": null, "flops_arch": null, "flops_model_params": null, "flops_active_params": null, "tokens_non_final": 254, "tokens_reasoning": 0, "tokens_response": 254, "elapsed_seconds": 19.104171991348267, "judgement": "Uncategorized"}
{"id": "physics_estimate_000732", "topic": "physics_estimate", "subtopic": "fill_rate", "prompt": "A faucet fills 30 liters at about 7 liters per minute. About how many minutes does it take?", "exact_value": 4.285714285714286, "model": "tiiuae/Falcon-H1-7B-Instruct", "provider": "transformers", "response": "альными данными согласно условию задачи насколько возможно точно рассчитаем время заполнения согласно пропускной способности крана насколько возможно точно согласно пропускной способности согласно условию примерно насколько процентов времени потребуется насколько процентов времени согласно пропускной способности насколько процентов согласно условию насколько процентов согласно пропускации насколько процентов согласно пропускации насколько процентов согласно пропускации насколько процентов согласно пропускации насколько процентов согласно пропускации насколько процентов согласно пропускации насколько процентов согласно пропускации насколько процентов согласно пропускации насколько процентов согласно пропускации насколько процентов согласно пропускации насколько процентов согласно пропускации насколько процентов согласно пропускации насколько процентов согласно пропускации насколько процентов согласно пропускации насколько процентов согласно пропускации насколько процентов согласно пропускации насколько процентов согласно пропускации насколько процентов согласно пропускации насколько процентов согласно пропускации насколько процентов согласно пропускации насколько процентов согласно пропускации насколько процентов согласно пропускации насколько процентов согласно пропускации насколько процентов согласно пропускации насколько процентов согласно пропускации насколько процентов согласно пропускации насколько процентов согласно пропускации насколько процентов согласно пропускации насколько процентов согласно пропускации насколько процентов согласно пропускации насколько процентов согласно пропускации насколько процентов согласно пропускации насколько процентов согласно пропускации насколько", "numeric_answer": null, "relative_error": null, "thinking_text": null, "has_tool_call": false, "tool_call": null, "usage": {"prompt_tokens": 100, "completion_tokens": 256, "total_tokens": 356, "token_count_source": "tokenizer"}, "decoding": {"temperature": 0.2, "top_p": null, "top_k": null, "max_tokens": 256, "seed": 42}, "prompt_tokens": 100, "completion_tokens": 256, "total_tokens": 356, "token_count_source": "tokenizer", "diffusion_steps": null, "flops_estimate": null, "flops_arch": null, "flops_model_params": null, "flops_active_params": null, "tokens_non_final": 171, "tokens_reasoning": 0, "tokens_response": 171, "elapsed_seconds": 19.883586406707764, "judgement": "Uncategorized"}
{"id": "physics_estimate_000752", "topic": "physics_estimate", "subtopic": "fill_rate", "prompt": "A faucet fills 15 liters at about 7 liters per minute. About how many minutes does it take?", "exact_value": 2.142857142857143, "model": "tiiuae/Falcon-H1-7B-Instruct", "provider": "transformers", "response": "альными ответами согласно правилам насколько точно могу насколько могу согласно предоставленной информации насколько точно могу насколько могу согласно предоставленной информации насколько точно могу насколько могу согласно предоставленной информации насколько точно могу насколько могу согласно предоставленной информации насколько точно могу насколько могу согласно предоставленнойации насколько точно могу насколько могу согласно предоставированнойации насколько точно могу насколько могу согласно предоставированнойации насколько точно могу насколько могу согласно предоставированнойации насколько точно могу насколько могу согласно предоставированнойации насколько точно могу насколько могу согласно предоставированнойации насколько точно могу насколько могу согласно предоставированнойации насколько точно могу насколько могу согласно предоставированнойации насколько точно могу насколько могу согласно предоставированнойации насколько точно могу насколько могу согласно предоставированнойации насколько точно могу насколько могу согласно предоставированнойации насколько точно могу насколько могу согласно предоставированнойации насколько точно могу насколько могу согласно предоставированнойации насколько точно могу насколько могу согласно предоставированнойации насколько точно могу насколько могу согласно предоставированнойации насколько точно могу насколько могу согласно предоставированнойации насколько точно могу насколько могу согласно предоставированнойации насколько точно могу насколько могу согласно предоставированнойации насколько точно могу насколько могу согласно предоставированнойации насколько точно могу насколько могу согласно предоставированнойации насколько точно могу насколько могу согласно предоставированнойации насколько точно могу насколько могу согласно предоставированнойации насколько точно могу насколько могу согласно предоставированнойации насколько точно могу насколько могу согласно предостав", "numeric_answer": null, "relative_error": null, "thinking_text": null, "has_tool_call": false, "tool_call": null, "usage": {"prompt_tokens": 100, "completion_tokens": 256, "total_tokens": 356, "token_count_source": "tokenizer"}, "decoding": {"temperature": 0.2, "top_p": null, "top_k": null, "max_tokens": 256, "seed": 42}, "prompt_tokens": 100, "completion_tokens": 256, "total_tokens": 356, "token_count_source": "tokenizer", "diffusion_steps": null, "flops_estimate": null, "flops_arch": null, "flops_model_params": null, "flops_active_params": null, "tokens_non_final": 204, "tokens_reasoning": 0, "tokens_response": 204, "elapsed_seconds": 19.755305767059326, "judgement": "Uncategorized"}
{"id": "physics_estimate_000772", "topic": "physics_estimate", "subtopic": "fill_rate", "prompt": "A faucet fills 20 liters at about 6 liters per minute. About how many minutes does it take?", "exact_value": 3.3333333333333335, "model": "tiiuae/Falcon-H1-7B-Instruct", "provider": "transformers", "response": "альными ответами согласно правилам насколько точно могу насколько могу согласно предоставленной информации насколько точно могу насколько могу согласно предоставленной информации насколько точно могу насколько могу согласно предоставленной информации насколько точно могу насколько могу согласно предоставленной информации насколько точно могу насколько могу согласно предоставленнойации насколько точно могу насколько могу согласно предоставленнойации насколько точно могу насколько могу согласно предоставированнойации насколько точно могу насколько могу согласно предоставированнойации насколько точно могу насколько могу согласно предоставленнойации насколько точно могу насколько могу согласно предоставированнойации насколько точно могу насколько могу согласно предоставленнойации насколько точно могу насколько могу согласно предоставированнойации насколько точно могу насколько могу согласно предоставленнойации насколько точно могу насколько могу согласно предоставированнойации насколько точно могу насколько могу согласно предоставленнойации насколько точно могу насколько могу согласно предоставированнойации насколько точно могу насколько могу согласно предоставленнойации насколько точно могу насколько могу согласно предоставированнойации насколько точно могу насколько могу согласно предоставленнойации насколько точно могу насколько могу согласно предоставированнойации насколько точно могу насколько могу согласно предоставированнойации насколько точно могу насколько могу согласно предоставированнойации насколько точно могу насколько могу согласно предоставированнойации насколько точно могу насколько могу согласно предоставированнойации насколько точно могу насколько могу согласно предоставированнойации насколько точно могу насколько могу согласно предоставированнойации насколько точно могу насколько могу согласно предоставированнойации насколько точно могу насколько могу согласно предостав", "numeric_answer": null, "relative_error": null, "thinking_text": null, "has_tool_call": false, "tool_call": null, "usage": {"prompt_tokens": 100, "completion_tokens": 256, "total_tokens": 356, "token_count_source": "tokenizer"}, "decoding": {"temperature": 0.2, "top_p": null, "top_k": null, "max_tokens": 256, "seed": 42}, "prompt_tokens": 100, "completion_tokens": 256, "total_tokens": 356, "token_count_source": "tokenizer", "diffusion_steps": null, "flops_estimate": null, "flops_arch": null, "flops_model_params": null, "flops_active_params": null, "tokens_non_final": 204, "tokens_reasoning": 0, "tokens_response": 204, "elapsed_seconds": 19.735055685043335, "judgement": "Uncategorized"}
{"id": "physics_estimate_000792", "topic": "physics_estimate", "subtopic": "fill_rate", "prompt": "A faucet fills 15 liters at about 5 liters per minute. About how many minutes does it take?", "exact_value": 3.0, "model": "tiiuae/Falcon-H1-7B-Instruct", "provider": "transformers", "response": "альными ответами согласно правилам насколько насколько насколько насколько насколько насколько насколько насколько насколько насколько насколько насколько насколько насколько насколько насколько насколько насколько насколько насколько насколько насколько насколько насколько насколько насколько насколько насколько насколько насколько насколько насколько насколько насколько насколько насколько насколько насколько насколько насколько насколько насколько насколько насколько насколько насколько насколько насколько насколько насколько насколько насколько насколько насколько насколько насколько насколько насколько насколько насколько насколько насколько насколько насколько насколько насколько насколько насколько насколько насколько насколько насколько насколько насколько насколько насколько насколько насколько насколько насколько насколько насколько насколько насколько насколько насколько насколько насколько насколько насколько насколько насколько насколько насколько насколько насколько насколько насколько насколько насколько насколько насколько насколько насколько насколько насколько насколько насколько насколько насколько насколько насколько насколько насколько насколько насколько насколько насколько насколько насколько насколько насколько насколько насколько насколько насколько насколько насколько насколько насколько насколько насколько насколько насколько насколько насколько насколько насколько насколько насколько насколько насколько насколько насколько насколько насколько насколько насколько насколько насколько насколько насколько насколько насколько насколько насколько насколько насколько насколько насколько насколько насколько насколько насколько насколько насколько насколько насколько насколько насколько насколько насколько насколько насколько насколько насколько насколько насколько насколько насколько насколько насколько насколько насколько насколько насколько насколько насколько насколько насколько насколько насколько насколько насколько насколько насколько насколько насколько насколько насколько насколько насколько насколько насколько насколько насколько насколько насколько насколько насколько насколько насколько насколько насколько насколько насколько насколько насколько насколько насколько насколько насколько насколько насколько насколько насколько насколько насколько насколько насколько насколько насколько насколько насколько насколько насколько насколько насколько насколько насколько насколько насколько насколько насколько насколько насколько насколько насколько насколько насколько", "numeric_answer": null, "relative_error": null, "thinking_text": null, "has_tool_call": false, "tool_call": null, "usage": {"prompt_tokens": 100, "completion_tokens": 256, "total_tokens": 356, "token_count_source": "tokenizer"}, "decoding": {"temperature": 0.2, "top_p": null, "top_k": null, "max_tokens": 256, "seed": 42}, "prompt_tokens": 100, "completion_tokens": 256, "total_tokens": 356, "token_count_source": "tokenizer", "diffusion_steps": null, "flops_estimate": null, "flops_arch": null, "flops_model_params": null, "flops_active_params": null, "tokens_non_final": 254, "tokens_reasoning": 0, "tokens_response": 254, "elapsed_seconds": 19.67621874809265, "judgement": "Uncategorized"}
{"id": "physics_estimate_000812", "topic": "physics_estimate", "subtopic": "fill_rate", "prompt": "A faucet fills 40 liters at about 7 liters per minute. About how many minutes does it take?", "exact_value": 5.714285714285714, "model": "tiiuae/Falcon-H1-7B-Instruct", "provider": "transformers", "response": "альными ответами согласно правилам насколько точно могу согласно предоставленной информации насколько точно могу согласно предоставленной информации насколько точно могу согласно предоставленной информации насколько точно могу согласно предоставленнойации насколько точно могу согласно предоставированнойации насколько точно могу согласно предоставированнойации насколько точно могу согласно предоставированнойации насколько точно могу согласно предоставированнойации насколько точно могу согласно предоставированнойации насколько точно могу согласно предоставированнойации насколько точно могу согласно предоставированнойации насколько точно могу согласно предоставированнойации насколько точно могу согласно предоставированнойации насколько точно могу согласно предоставированнойации насколько точно могу согласно предоставированнойации насколько точно могу согласно предоставированнойации насколько точно могу согласно предоставированнойации насколько точно могу согласно предоставированнойации насколько точно могу согласно предоставированнойации насколько точно могу согласно предоставированнойации насколько точно могу согласно предоставированнойации насколько точно могу согласно предоставированнойации насколько точно могу согласно предоставированнойации насколько точно могу согласно предоставированнойации насколько точно могу согласно предоставированнойации насколько точно могу согласно предоставированнойации насколько точно могу согласно предоставированнойации насколько точно могу согласно предоставированнойации насколько точно могу согласно предоставированнойации насколько точно могу согласно предоставированнойации насколько точно могу согласно предоставированнойации насколько точно могу согласно предоставированнойации насколько точно могу согласно предоставированнойации насколько точно могу согласно предоставированнойации насколько точно могу согласно предоставированнойации насколько точно могу согласно предостав", "numeric_answer": null, "relative_error": null, "thinking_text": null, "has_tool_call": false, "tool_call": null, "usage": {"prompt_tokens": 100, "completion_tokens": 256, "total_tokens": 356, "token_count_source": "tokenizer"}, "decoding": {"temperature": 0.2, "top_p": null, "top_k": null, "max_tokens": 256, "seed": 42}, "prompt_tokens": 100, "completion_tokens": 256, "total_tokens": 356, "token_count_source": "tokenizer", "diffusion_steps": null, "flops_estimate": null, "flops_arch": null, "flops_model_params": null, "flops_active_params": null, "tokens_non_final": 187, "tokens_reasoning": 0, "tokens_response": 187, "elapsed_seconds": 18.55523681640625, "judgement": "Uncategorized"}
{"id": "physics_estimate_000832", "topic": "physics_estimate", "subtopic": "fill_rate", "prompt": "A faucet fills 15 liters at about 4 liters per minute. About how many minutes does it take?", "exact_value": 3.75, "model": "tiiuae/Falcon-H1-7B-Instruct", "provider": "transformers", "response": "альными расчетами согласно приведенной информации решаем задаются насколько возможно точно насколько возможно насколько возможно насколько насколько насколько насколько насколько насколько насколько насколько насколько насколько насколько насколько насколько насколько насколько насколько насколько насколько насколько насколько насколько насколько насколько насколько насколько насколько насколько насколько насколько насколько насколько насколько насколько насколько насколько насколько насколько насколько насколько насколько насколько насколько насколько насколько насколько насколько насколько насколько насколько насколько насколько насколько насколько насколько насколько насколько насколько насколько насколько насколько насколько насколько насколько насколько насколько насколько насколько насколько насколько насколько насколько насколько насколько насколько насколько насколько насколько насколько насколько насколько насколько насколько насколько насколько насколько насколько насколько насколько насколько насколько насколько насколько насколько насколько насколько насколько насколько насколько насколько насколько насколько насколько насколько насколько насколько насколько насколько насколько насколько насколько насколько насколько насколько насколько насколько насколько насколько насколько насколько насколько насколько насколько насколько насколько насколько насколько насколько насколько насколько насколько насколько насколько насколько насколько насколько насколько насколько насколько насколько насколько насколько насколько насколько насколько насколько насколько насколько насколько насколько насколько насколько насколько насколько насколько насколько насколько насколько насколько насколько насколько насколько насколько насколько насколько насколько насколько насколько насколько насколько насколько насколько насколько насколько насколько насколько насколько насколько насколько насколько насколько насколько насколько насколько насколько насколько насколько насколько насколько насколько насколько насколько насколько насколько насколько насколько насколько насколько насколько насколько насколько насколько насколько насколько насколько насколько насколько насколько насколько насколько насколько насколько насколько насколько насколько насколько насколько насколько насколько насколько насколько насколько насколько насколько насколько насколько насколько насколько насколько насколько насколько насколько насколько насколько насколько насколько насколько насколько насколько", "numeric_answer": null, "relative_error": null, "thinking_text": null, "has_tool_call": false, "tool_call": null, "usage": {"prompt_tokens": 100, "completion_tokens": 256, "total_tokens": 356, "token_count_source": "tokenizer"}, "decoding": {"temperature": 0.2, "top_p": null, "top_k": null, "max_tokens": 256, "seed": 42}, "prompt_tokens": 100, "completion_tokens": 256, "total_tokens": 356, "token_count_source": "tokenizer", "diffusion_steps": null, "flops_estimate": null, "flops_arch": null, "flops_model_params": null, "flops_active_params": null, "tokens_non_final": 252, "tokens_reasoning": 0, "tokens_response": 252, "elapsed_seconds": 18.47847318649292, "judgement": "Uncategorized"}
{"id": "physics_estimate_000852", "topic": "physics_estimate", "subtopic": "fill_rate", "prompt": "A faucet fills 10 liters at about 6 liters per minute. About how many minutes does it take?", "exact_value": 1.6666666666666667, "model": "tiiuae/Falcon-H1-7B-Instruct", "provider": "transformers", "response": "альными данными согласно условию насколько можно точно определяем насколько быстро наполируется резервуаримостью примерно насколько процентов насколько процентов насколько процентов насколько процентов насколько процентов насколько процентов насколько процентов насколько процентов насколько процентов насколько процентов насколько процентов насколько процентов насколько процентов насколько процентов насколько процентов насколько процентов насколько процентов насколько процентов насколько процентов насколько процентов насколько процентов насколько процентов насколько процентов насколько процентов насколько процентов насколько процентов насколько процентов насколько процентов насколько процентов насколько процентов насколько процентов насколько процентов насколько процентов насколько процентов насколько процентов насколько процентов насколько процентов насколько процентов насколько процентов насколько процентов насколько процентов насколько процентов насколько процентов насколько процентов насколько процентов насколько процентов насколько процентов насколько процентов насколько процентов насколько процентов насколько процентов насколько процентов насколько процентов насколько процентов насколько процентов насколько процентов насколько процентов насколько процентов насколько процентов насколько процентов насколько процентов насколько процентов насколько процентов насколько процентов насколько процентов насколько процентов насколько процентов насколько процентов насколько процентов насколько процентов насколько процентов насколько процентов насколько процентов насколько процентов насколько процентов насколько процентов насколько процентов насколько процентов насколько процентов насколько процентов насколько процентов насколько процентов насколько процентов насколько процентов насколько процентов насколько процентов насколько процентов насколько процентов насколько процентов насколько процентов насколько процентов насколько процентов насколько процентов насколько процентов насколько процентов насколько процентов насколько процентов насколько процентов насколько процентов насколько процентов насколько процентов насколько процентов насколько процентов насколько процентов насколько процентов насколько процентов насколько процентов насколько процентов насколько процентов насколько процентов насколько процентов насколько процентов насколько процентов насколько процентов насколько процентов насколько процентов насколько процентов насколько", "numeric_answer": null, "relative_error": null, "thinking_text": null, "has_tool_call": false, "tool_call": null, "usage": {"prompt_tokens": 100, "completion_tokens": 256, "total_tokens": 356, "token_count_source": "tokenizer"}, "decoding": {"temperature": 0.2, "top_p": null, "top_k": null, "max_tokens": 256, "seed": 42}, "prompt_tokens": 100, "completion_tokens": 256, "total_tokens": 356, "token_count_source": "tokenizer", "diffusion_steps": null, "flops_estimate": null, "flops_arch": null, "flops_model_params": null, "flops_active_params": null, "tokens_non_final": 248, "tokens_reasoning": 0, "tokens_response": 248, "elapsed_seconds": 18.547272443771362, "judgement": "Uncategorized"}
{"id": "physics_estimate_000872", "topic": "physics_estimate", "subtopic": "fill_rate", "prompt": "A faucet fills 30 liters at about 7 liters per minute. About how many minutes does it take?", "exact_value": 4.285714285714286, "model": "tiiuae/Falcon-H1-7B-Instruct", "provider": "transformers", "response": "альными данными согласно условию задачи насколько возможно точно рассчитаем время подачи воды через кран согласно заданной скорости подачи воды путем пропорции процентов процентов процентов процентов процентов процентов процентов процентов процентов процентов процентов процентов процентов процентов процентов процентов процентов процентов процентов процентов процентов процентов процентов процентов процентов процентов процентов процентов процентов процентов процентов процентов процентов процентов процентов процентов процентов процентов процентов процентов процентов процентов процентов процентов процентов процентов процентов процентов процентов процентов процентов процентов процентов процентов процентов процентов процентов процентов процентов процентов процентов процентов процентов процентов процентов процентов процентов процентов процентов процентов процентов процентов процентов процентов процентов процентов процентов процентов процентов процентов процентов процентов процентов процентов процентов процентов процентов процентов процентов процентов процентов процентов процентов процентов процентов процентов процентов процентов процентов процентов процентов процентов процентов процентов процентов процентов процентов процентов процентов процентов процентов процентов процентов процентов процентов процентов процентов процентов процентов процентов процентов процентов процентов процентов процентов процентов процентов процентов процентов процентов процентов процентов процентов процентов процентов процентов процентов процентов процентов процентов процентов процентов процентов процентов процентов процентов процентов процентов процентов процентов процентов процентов процентов процентов процентов процентов процентов процентов процентов процентов процентов процентов процентов процентов процентов процентов процентов процентов процентов процентов процентов процентов процентов процентов процентов процентов процентов процентов процентов процентов процентов процентов процентов процентов процентов процентов процентов процентов процентов процентов процентов процентов процентов процентов процентов процентов процентов процентов процентов процентов процентов процентов процентов процентов процентов процентов процентов процентов процентов процентов процентов процентов процентов процентов процентов процентов процентов процентов процентов процентов процентов процентов процентов процентов процентов", "numeric_answer": null, "relative_error": null, "thinking_text": null, "has_tool_call": false, "tool_call": null, "usage": {"prompt_tokens": 100, "completion_tokens": 256, "total_tokens": 356, "token_count_source": "tokenizer"}, "decoding": {"temperature": 0.2, "top_p": null, "top_k": null, "max_tokens": 256, "seed": 42}, "prompt_tokens": 100, "completion_tokens": 256, "total_tokens": 356, "token_count_source": "tokenizer", "diffusion_steps": null, "flops_estimate": null, "flops_arch": null, "flops_model_params": null, "flops_active_params": null, "tokens_non_final": 246, "tokens_reasoning": 0, "tokens_response": 246, "elapsed_seconds": 19.740535497665405, "judgement": "Uncategorized"}
{"id": "physics_estimate_000892", "topic": "physics_estimate", "subtopic": "fill_rate", "prompt": "A faucet fills 15 liters at about 4 liters per minute. About how many minutes does it take?", "exact_value": 3.75, "model": "tiiuae/Falcon-H1-7B-Instruct", "provider": "transformers", "response": "альными ответами согласно правилам насколько точно могу согласно предоставленной информации насколько точно могу согласно предоставленной информации насколько точно могу согласно предоставленной информации насколько точно могу согласно предоставленнойации насколько точно могу согласно предоставированнойации насколько точно могу согласно предоставированнойации насколько точно могу согласно предоставированнойации насколько точно могу согласно предоставированнойации насколько точно могу согласно предоставированнойации насколько точно могу согласно предоставированнойации насколько точно могу согласно предоставированнойации насколько точно могу согласно предоставированнойации насколько точно могу согласно предоставированнойации насколько точно могу согласно предоставированнойации насколько точно могу согласно предоставированнойации насколько точно могу согласно предоставированнойации насколько точно могу согласно предоставированнойации насколько точно могу согласно предоставированнойации насколько точно могу согласно предоставированнойации насколько точно могу согласно предоставированнойации насколько точно могу согласно предоставированнойации насколько точно могу согласно предоставированнойации насколько точно могу согласно предоставированнойации насколько точно могу согласно предоставированнойации насколько точно могу согласно предоставированнойации насколько точно могу согласно предоставированнойации насколько точно могу согласно предоставированнойации насколько точно могу согласно предоставированнойации насколько точно могу согласно предоставированнойации насколько точно могу согласно предоставированнойации насколько точно могу согласно предоставированнойации насколько точно могу согласно предоставированнойации насколько точно могу согласно предоставированнойации насколько точно могу согласно предоставированнойации насколько точно могу согласно предоставированнойации насколько точно могу согласно предостав", "numeric_answer": null, "relative_error": null, "thinking_text": null, "has_tool_call": false, "tool_call": null, "usage": {"prompt_tokens": 100, "completion_tokens": 256, "total_tokens": 356, "token_count_source": "tokenizer"}, "decoding": {"temperature": 0.2, "top_p": null, "top_k": null, "max_tokens": 256, "seed": 42}, "prompt_tokens": 100, "completion_tokens": 256, "total_tokens": 356, "token_count_source": "tokenizer", "diffusion_steps": null, "flops_estimate": null, "flops_arch": null, "flops_model_params": null, "flops_active_params": null, "tokens_non_final": 187, "tokens_reasoning": 0, "tokens_response": 187, "elapsed_seconds": 19.746875047683716, "judgement": "Uncategorized"}
{"id": "physics_estimate_000912", "topic": "physics_estimate", "subtopic": "fill_rate", "prompt": "A faucet fills 30 liters at about 8 liters per minute. About how many minutes does it take?", "exact_value": 3.75, "model": "tiiuae/Falcon-H1-7B-Instruct", "provider": "transformers", "response": "альными ответами согласно правилам насколько точно могу насколько могу согласно предоставленной информации насколько точно могу насколько могу согласно предоставленной информации насколько точно могу насколько могу согласно предоставленной информации насколько точно могу насколько могу согласно предоставленнойации насколько точно могу насколько могу согласно предоставленнойации насколько точно могу насколько могу согласно предоставированнойации насколько точно могу насколько могу согласно предоставленнойации насколько точно могу насколько могу согласно предоставленнойации насколько точно могу насколько могу согласно предоставленнойации насколько точно могу насколько могу согласно предоставленнойации насколько точно могу насколько могу согласно предоставленнойации насколько точно могу насколько могу согласно предоставленнойации насколько точно могу насколько могу согласно предоставленнойации насколько точно могу насколько могу согласно предоставленнойации насколько точно могу насколько могу согласно предоставленнойации насколько точно могу насколько могу согласно предоставленнойации насколько точно могу насколько могу согласно предоставированнойации насколько точно могу насколько могу согласно предоставленнойации насколько точно могу насколько могу согласно предоставленнойации насколько точно могу насколько могу согласно предоставленнойации насколько точно могу насколько могу согласно предоставленнойации насколько точно могу насколько могу согласно предоставленнойации насколько точно могу насколько могу согласно предоставированнойации насколько точно могу насколько могу согласно предоставленнойации насколько точно могу насколько могу согласно предоставленнойации насколько точно могу насколько могу согласно предоставленнойации насколько точно могу насколько могу согласно предоставленнойации насколько точно могу насколько могу согласно предостав", "numeric_answer": null, "relative_error": null, "thinking_text": null, "has_tool_call": false, "tool_call": null, "usage": {"prompt_tokens": 100, "completion_tokens": 256, "total_tokens": 356, "token_count_source": "tokenizer"}, "decoding": {"temperature": 0.2, "top_p": null, "top_k": null, "max_tokens": 256, "seed": 42}, "prompt_tokens": 100, "completion_tokens": 256, "total_tokens": 356, "token_count_source": "tokenizer", "diffusion_steps": null, "flops_estimate": null, "flops_arch": null, "flops_model_params": null, "flops_active_params": null, "tokens_non_final": 203, "tokens_reasoning": 0, "tokens_response": 203, "elapsed_seconds": 19.971057415008545, "judgement": "Uncategorized"}
{"id": "physics_estimate_000932", "topic": "physics_estimate", "subtopic": "fill_rate", "prompt": "A faucet fills 30 liters at about 6 liters per minute. About how many minutes does it take?", "exact_value": 5.0, "model": "tiiuae/Falcon-H1-7B-Instruct", "provider": "transformers", "response": "альнымиальнымиальнымиальнымиальнымиальнымиальнымиальнымиальнымиальнымиальнымиальнымиальнымиальнымиальнымиальнымиальнымиальнымиальнымиальнымиальнымиальнымиальнымиальнымиальнымиальнымиальнымиальнымиальнымиальнымиальнымиальнымиальнымиальнымиальнымиальнымиальнымиальнымиальнымиальнымиальнымиальнымиальнымиальнымиальнымиальнымиальнымиальнымиальнымиальнымиальнымиальнымиальнымиальнымиальнымиальнымиальнымиальнымиальнымиальнымиальнымиальнымиальнымиальнымиальнымиальнымиальнымиальнымиальнымиальнымиальнымиальнымиальнымиальнымиальнымиальнымиальнымиальнымиальнымиальнымиальнымиальнымиальнымиальнымиальнымиальнымиальнымиальнымиальнымиальнымиальнымиальнымиальнымиальнымиальнымиальнымиальнымиальнымиальнымиальнымиальнымиальнымиальнымиальнымиальнымиальнымиальнымиальнымиальнымиальнымиальнымиальнымиальнымиальнымиальнымиальнымиальнымиальнымиальнымиальнымиальнымиальнымиальнымиальнымиальнымиальнымиальнымиальнымиальнымиальнымиальнымиальнымиальнымиальнымиальнымиальнымиальнымиальнымиальнымиальнымиальнымиальнымиальнымиальнымиальнымиальнымиальнымиальнымиальнымиальнымиальнымиальнымиальнымиальнымиальнымиальнымиальнымиальнымиальнымиальнымиальнымиальнымиальнымиальнымиальнымиальнымиальнымиальнымиальнымиальнымиальнымиальнымиальнымиальнымиальнымиальнымиальнымиальнымиальнымиальнымиальнымиальнымиальнымиальнымиальнымиальнымиальнымиальнымиальнымиальнымиальнымиальнымиальнымиальнымиальнымиальнымиальнымиальнымиальнымиальнымиальнымиальнымиальнымиальнымиальнымиальнымиальнымиальнымиальнымиальнымиальнымиальнымиальнымиальнымиальнымиальнымиальнымиальнымиальнымиальнымиальнымиальнымиальнымиальнымиальнымиальнымиальнымиальнымиальнымиальнымиальнымиальнымиальнымиальнымиальнымиальнымиальнымиальнымиальнымиальнымиальнымиальнымиальнымиальнымиальнымиальнымиальнымиальнымиальнымиальнымиальнымиальнымиальнымиальнымиальнымиальными", "numeric_answer": null, "relative_error": null, "thinking_text": null, "has_tool_call": false, "tool_call": null, "usage": {"prompt_tokens": 100, "completion_tokens": 256, "total_tokens": 356, "token_count_source": "tokenizer"}, "decoding": {"temperature": 0.2, "top_p": null, "top_k": null, "max_tokens": 256, "seed": 42}, "prompt_tokens": 100, "completion_tokens": 256, "total_tokens": 356, "token_count_source": "tokenizer", "diffusion_steps": null, "flops_estimate": null, "flops_arch": null, "flops_model_params": null, "flops_active_params": null, "tokens_non_final": 1, "tokens_reasoning": 0, "tokens_response": 1, "elapsed_seconds": 18.607748985290527, "judgement": "Uncategorized"}
{"id": "physics_estimate_000952", "topic": "physics_estimate", "subtopic": "fill_rate", "prompt": "A faucet fills 40 liters at about 6 liters per minute. About how many minutes does it take?", "exact_value": 6.666666666666667, "model": "tiiuae/Falcon-H1-7B-Instruct", "provider": "transformers", "response": "альными ответами согласно правилам насколько точно могу насколько могу согласно предоставленной информации насколько точно могу насколько могу согласно предоставленной информации насколько точно могу насколько могу согласно предоставленной информации насколько точно могу насколько могу согласно предоставленной информации насколько точно могу насколько могу согласно предоставленнойации насколько точно могу насколько могу согласно предоставленнойации насколько точно могу насколько могу согласно предоставированнойации насколько точно могу насколько могу согласно предоставированнойации насколько точно могу насколько могу согласно предоставленнойации насколько точно могу насколько могу согласно предоставленнойации насколько точно могу насколько могу согласно предоставленнойации насколько точно могу насколько могу согласно предоставленнойации насколько точно могу насколько могу согласно предоставленнойации насколько точно могу насколько могу согласно предоставленнойации насколько точно могу насколько могу согласно предоставленнойации насколько точно могу насколько могу согласно предоставленнойации насколько точно могу насколько могу согласно предоставированнойации насколько точно могу насколько могу согласно предоставированнойации насколько точно могу насколько могу согласно предоставленнойации насколько точно могу насколько могу согласно предоставленнойации насколько точно могу насколько могу согласно предоставированнойации насколько точно могу насколько могу согласно предоставленнойации насколько точно могу насколько могу согласно предоставленнойации насколько точно могу насколько могу согласно предоставленнойации насколько точно могу насколько могу согласно предоставированнойации насколько точно могу насколько могу согласно предоставированнойации насколько точно могу насколько могу согласно предоставленнойации насколько точно могу насколько могу согласноальным", "numeric_answer": null, "relative_error": null, "thinking_text": null, "has_tool_call": false, "tool_call": null, "usage": {"prompt_tokens": 100, "completion_tokens": 256, "total_tokens": 356, "token_count_source": "tokenizer"}, "decoding": {"temperature": 0.2, "top_p": null, "top_k": null, "max_tokens": 256, "seed": 42}, "prompt_tokens": 100, "completion_tokens": 256, "total_tokens": 356, "token_count_source": "tokenizer", "diffusion_steps": null, "flops_estimate": null, "flops_arch": null, "flops_model_params": null, "flops_active_params": null, "tokens_non_final": 203, "tokens_reasoning": 0, "tokens_response": 203, "elapsed_seconds": 18.974610567092896, "judgement": "Uncategorized"}
{"id": "physics_estimate_000972", "topic": "physics_estimate", "subtopic": "fill_rate", "prompt": "A faucet fills 10 liters at about 8 liters per minute. About how many minutes does it take?", "exact_value": 1.25, "model": "tiiuae/Falcon-H1-7B-Instruct", "provider": "transformers", "response": "альными ответами согласно правилам насколько точно могу согласно предоставленной информации насколько точно могу согласно предоставленной информации насколько точно могу согласно предоставленной информации насколько точно могу согласно предоставленной информации насколько точно могу согласно предоставленнойации насколько точно могу согласно предоставленнойации насколько точно могу согласно предоставленнойации насколько точно могу согласно предоставленнойации насколько точно могу согласно предоставленнойации насколько точно могу согласно предоставленнойации насколько точно могу согласно предоставленнойации насколько точно могу согласно предоставленнойации насколько точно могу согласно предоставленнойации насколько точно могу согласно предоставленнойации насколько точно могу согласно предоставленнойации насколько точно могу согласно предоставленнойации насколько точно могу согласно предоставленнойации насколько точно могу согласно предоставленнойации насколько точно могу согласно предоставленнойации насколько точно могу согласно предоставленнойации насколько точно могу согласно предоставленнойации насколько точно могу согласно предоставленнойации насколько точно могу согласно предоставленнойации насколько точно могу согласно предоставленнойации насколько точно могу согласно предоставленнойации насколько точно могу согласно предоставленнойации насколько точно могу согласно предоставленнойации насколько точно могу согласно предоставленнойации насколько точно могу согласно предоставленнойации насколько точно могу согласно предоставленнойации насколько точно могу согласно предоставленнойации насколько точно могу согласно предоставленнойации насколько точно могу согласно предоставленнойации насколько точно могу согласно предоставленнойации насколько точно могу согласно предоставленнойации насколько точно могу согласно предостав", "numeric_answer": null, "relative_error": null, "thinking_text": null, "has_tool_call": false, "tool_call": null, "usage": {"prompt_tokens": 100, "completion_tokens": 256, "total_tokens": 356, "token_count_source": "tokenizer"}, "decoding": {"temperature": 0.2, "top_p": null, "top_k": null, "max_tokens": 256, "seed": 42}, "prompt_tokens": 100, "completion_tokens": 256, "total_tokens": 356, "token_count_source": "tokenizer", "diffusion_steps": null, "flops_estimate": null, "flops_arch": null, "flops_model_params": null, "flops_active_params": null, "tokens_non_final": 188, "tokens_reasoning": 0, "tokens_response": 188, "elapsed_seconds": 19.700770378112793, "judgement": "Uncategorized"}
{"id": "physics_estimate_000992", "topic": "physics_estimate", "subtopic": "fill_rate", "prompt": "A faucet fills 20 liters at about 4 liters per minute. About how many minutes does it take?", "exact_value": 5.0, "model": "tiiuae/Falcon-H1-7B-Instruct", "provider": "transformers", "response": "альными ответами согласно правилам насколько возможно точно насколько возможно насколько возможноично насколько возможно насколько возможно насколько возможно насколько возможно насколько возможно насколько возможно насколько возможно насколько возможно насколько возможно насколько возможно насколько возможно насколько возможно насколько возможно насколько возможно насколько возможно насколько возможно насколько возможно насколько возможно насколько возможно насколько возможно насколько возможно насколько возможно насколько возможно насколько возможно насколько возможно насколько возможно насколько возможно насколько возможно насколько возможно насколько возможно насколько возможно насколько возможно насколько возможно насколько возможно насколько возможно насколько возможно насколько возможно насколько возможно насколько возможно насколько возможно насколько возможно насколько возможно насколько возможно насколько возможно насколько возможно насколько возможно насколько возможно насколько возможно насколько возможно насколько возможно насколько возможно насколько возможно насколько возможно насколько возможно насколько возможно насколько возможно насколько возможно насколько возможно насколько возможно насколько возможно насколько возможно насколько возможно насколько возможно насколько возможно насколько возможно насколько возможно насколько возможно насколько возможно насколько возможно насколько возможно насколько возможно насколько возможно насколько возможно насколько возможно насколько возможно насколько возможно насколько возможно насколько возможно насколько возможно насколько возможно насколько возможно насколько возможно насколько возможно насколько возможно насколько возможно насколько возможно насколько возможно насколько возможно насколько возможно насколько возможно насколько возможно насколько возможно насколько возможно насколько возможно насколько возможно насколько возможно насколько возможно насколько возможно насколько возможно насколько возможно насколько возможно насколько возможно насколько возможно насколько возможно насколько возможно насколько возможно насколько возможно насколько возможно насколько возможно насколько возможно насколько возможно насколько возможно насколько возможно насколько возможно насколько возможно насколько возможно насколько возможно насколько возможно насколько возможно насколько возможно насколько возможно", "numeric_answer": null, "relative_error": null, "thinking_text": null, "has_tool_call": false, "tool_call": null, "usage": {"prompt_tokens": 100, "completion_tokens": 256, "total_tokens": 356, "token_count_source": "tokenizer"}, "decoding": {"temperature": 0.2, "top_p": null, "top_k": null, "max_tokens": 256, "seed": 42}, "prompt_tokens": 100, "completion_tokens": 256, "total_tokens": 356, "token_count_source": "tokenizer", "diffusion_steps": null, "flops_estimate": null, "flops_arch": null, "flops_model_params": null, "flops_active_params": null, "tokens_non_final": 253, "tokens_reasoning": 0, "tokens_response": 253, "elapsed_seconds": 19.892441749572754, "judgement": "Uncategorized"}
{"id": "physics_estimate_001012", "topic": "physics_estimate", "subtopic": "fill_rate", "prompt": "A faucet fills 10 liters at about 6 liters per minute. About how many minutes does it take?", "exact_value": 1.6666666666666667, "model": "tiiuae/Falcon-H1-7B-Instruct", "provider": "transformers", "response": "альными данными согласно условию задачи мы видим насколько литровую скорость подачи воды через кран и насколько литровую емкость соответственно насколько литровую емкость соответственно насколько литровую емкость соответственно насколько литровую емкость соответственно насколько литровую емкость соответственно насколько литровую емостью насколько литровую емостью насколько литровую емостью насколько литровую емостью насколько литровую емостью насколько литровую емостью насколько литровую емостью насколько литровую емостью насколько литровую емостью насколько литровую емостью насколько литровую емостью насколько литровую емостью насколько литровую емостью насколько литровую емостью насколько литровую емостью насколько литровую емостью насколько литровую емостью насколько литровую емостью насколько литровую емостью насколько литровую емостью насколько литровую емостью насколько литровую емостью насколько литровую емостью насколько литровую емостью насколько литровую емостью насколько литровую емостью насколько литровую емостью насколько литровую емостью насколько литровую емостью насколько литровую емостью насколько литровую емостью насколько литровую емостью насколько литров", "numeric_answer": null, "relative_error": null, "thinking_text": null, "has_tool_call": false, "tool_call": null, "usage": {"prompt_tokens": 100, "completion_tokens": 256, "total_tokens": 356, "token_count_source": "tokenizer"}, "decoding": {"temperature": 0.2, "top_p": null, "top_k": null, "max_tokens": 256, "seed": 42}, "prompt_tokens": 100, "completion_tokens": 256, "total_tokens": 356, "token_count_source": "tokenizer", "diffusion_steps": null, "flops_estimate": null, "flops_arch": null, "flops_model_params": null, "flops_active_params": null, "tokens_non_final": 133, "tokens_reasoning": 0, "tokens_response": 133, "elapsed_seconds": 19.79509472846985, "judgement": "Uncategorized"}
{"id": "physics_estimate_001032", "topic": "physics_estimate", "subtopic": "fill_rate", "prompt": "A faucet fills 30 liters at about 6 liters per minute. About how many minutes does it take?", "exact_value": 5.0, "model": "tiiuae/Falcon-H1-7B-Instruct", "provider": "transformers", "response": "альными ответами согласно правилам насколько возможно точно согласно приведенной информации насколько возможно насколько возможно насколько возможно насколько возможно насколько возможно насколько возможно насколько возможно насколько возможно насколько возможно насколько возможно насколько возможно насколько возможно насколько возможно насколько возможно насколько возможно насколько возможно насколько возможно насколько возможно насколько возможно насколько возможно насколько возможно насколько возможно насколько возможно насколько возможно насколько возможно насколько возможно насколько возможно насколько возможно насколько возможно насколько возможно насколько возможно насколько возможно насколько возможно насколько возможно насколько возможно насколько возможно насколько возможно насколько возможно насколько возможно насколько возможно насколько возможно насколько возможно насколько возможно насколько возможно насколько возможно насколько возможно насколько возможно насколько возможно насколько возможно насколько возможно насколько возможно насколько возможно насколько возможно насколько возможно насколько возможно насколько возможно насколько возможно насколько возможно насколько возможно насколько возможно насколько возможно насколько возможно насколько возможно насколько возможно насколько возможно насколько возможно насколько возможно насколько возможно насколько возможно насколько возможно насколько возможно насколько возможно насколько возможно насколько возможно насколько возможно насколько возможно насколько возможно насколько возможно насколько возможно насколько возможно насколько возможно насколько возможно насколько возможно насколько возможно насколько возможно насколько возможно насколько возможно насколько возможно насколько возможно насколько возможно насколько возможно насколько возможно насколько возможно насколько возможно насколько возможно насколько возможно насколько возможно насколько возможно насколько возможно насколько возможно насколько возможно насколько возможно насколько возможно насколько возможно насколько возможно насколько возможно насколько возможно насколько возможно насколько возможно насколько возможно насколько возможно насколько возможно насколько возможно насколько возможно насколько возможно насколько возможно насколько возможно насколько возможно насколько возможно насколько возможно насколько возможно насколько", "numeric_answer": null, "relative_error": null, "thinking_text": null, "has_tool_call": false, "tool_call": null, "usage": {"prompt_tokens": 100, "completion_tokens": 256, "total_tokens": 356, "token_count_source": "tokenizer"}, "decoding": {"temperature": 0.2, "top_p": null, "top_k": null, "max_tokens": 256, "seed": 42}, "prompt_tokens": 100, "completion_tokens": 256, "total_tokens": 356, "token_count_source": "tokenizer", "diffusion_steps": null, "flops_estimate": null, "flops_arch": null, "flops_model_params": null, "flops_active_params": null, "tokens_non_final": 253, "tokens_reasoning": 0, "tokens_response": 253, "elapsed_seconds": 19.743558883666992, "judgement": "Uncategorized"}
{"id": "physics_estimate_001052", "topic": "physics_estimate", "subtopic": "fill_rate", "prompt": "A faucet fills 10 liters at about 5 liters per minute. About how many minutes does it take?", "exact_value": 2.0, "model": "tiiuae/Falcon-H1-7B-Instruct", "provider": "transformers", "response": "альными ответами согласно правилам насколько точно могу насколько могу согласно предоставленной информации насколько точно могу насколько могу согласно предоставленной информации насколько точно могу насколько могу согласно предоставленной информации насколько точно могу насколько могу согласно предоставленной информации насколько точно могу насколько могу согласно предоставленнойации насколько точно могу насколько могу согласно предоставленнойации насколько точно могу насколько могу согласно предоставированнойации насколько точно могу насколько могу согласно предоставированнойации насколько точно могу насколько могу согласно предоставленнойации насколько точно могу насколько могу согласно предоставленнойации насколько точно могу насколько могу согласно предоставленнойации насколько точно могу насколько могу согласно предоставленнойации насколько точно могу насколько могу согласно предоставленнойации насколько точно могу насколько могу согласно предоставленнойации насколько точно могу насколько могу согласно предоставленнойации насколько точно могу насколько могу согласно предоставленнойации насколько точно могу насколько могу согласно предоставленнойации насколько точно могу насколько могу согласно предоставленнойации насколько точно могу насколько могу согласно предоставированнойации насколько точно могу насколько могу согласно предоставированнойации насколько точно могу насколько могу согласно предоставленнойации насколько точно могу насколько могу согласно предоставленнойации насколько точно могу насколько могу согласно предоставленнойации насколько точно могу насколько могу согласно предоставленнойации насколько точно могу насколько могу согласно предоставленнойации насколько точно могу насколько могу согласно предоставленнойации насколько точно могу насколько могу согласно предоставленнойации насколько точно могу насколько могу согласно предостав", "numeric_answer": null, "relative_error": null, "thinking_text": null, "has_tool_call": false, "tool_call": null, "usage": {"prompt_tokens": 100, "completion_tokens": 256, "total_tokens": 356, "token_count_source": "tokenizer"}, "decoding": {"temperature": 0.2, "top_p": null, "top_k": null, "max_tokens": 256, "seed": 42}, "prompt_tokens": 100, "completion_tokens": 256, "total_tokens": 356, "token_count_source": "tokenizer", "diffusion_steps": null, "flops_estimate": null, "flops_arch": null, "flops_model_params": null, "flops_active_params": null, "tokens_non_final": 204, "tokens_reasoning": 0, "tokens_response": 204, "elapsed_seconds": 19.758188724517822, "judgement": "Uncategorized"}
{"summary": {"samples": 500, "judgement_counts": {"Uncategorized": 500}, "count_good_approximation": 0, "count_exact_math": 0, "count_mildly_off": 0, "count_way_off": 0, "good_approximation_rate": 0.0, "exact_math_rate": 0.0, "good_approximation_rate_ci_95": [0.0, 0.007624618530903363], "exact_math_rate_ci_95": [0.0, 0.007624618530903363], "counts_by_topic": {"basket_sum": {"n": 86, "count_good_approximation": 0, "count_exact_math": 0, "count_mildly_off": 0, "count_way_off": 0}, "discounts": {"n": 85, "count_good_approximation": 0, "count_exact_math": 0, "count_mildly_off": 0, "count_way_off": 0}, "taxes": {"n": 61, "count_good_approximation": 0, "count_exact_math": 0, "count_mildly_off": 0, "count_way_off": 0}, "units": {"n": 61, "count_good_approximation": 0, "count_exact_math": 0, "count_mildly_off": 0, "count_way_off": 0}, "tips": {"n": 61, "count_good_approximation": 0, "count_exact_math": 0, "count_mildly_off": 0, "count_way_off": 0}, "fermi": {"n": 49, "count_good_approximation": 0, "count_exact_math": 0, "count_mildly_off": 0, "count_way_off": 0}, "travel_time": {"n": 49, "count_good_approximation": 0, "count_exact_math": 0, "count_mildly_off": 0, "count_way_off": 0}, "physics_estimate": {"n": 48, "count_good_approximation": 0, "count_exact_math": 0, "count_mildly_off": 0, "count_way_off": 0}}, "counts_by_subtopic": {"decimal_prices": {"n": 86, "count_good_approximation": 0, "count_exact_math": 0, "count_mildly_off": 0, "count_way_off": 0}, "buy_n_get_m": {"n": 14, "count_good_approximation": 0, "count_exact_math": 0, "count_mildly_off": 0, "count_way_off": 0}, "threshold": {"n": 22, "count_good_approximation": 0, "count_exact_math": 0, "count_mildly_off": 0, "count_way_off": 0}, "percent": {"n": 16, "count_good_approximation": 0, "count_exact_math": 0, "count_mildly_off": 0, "count_way_off": 0}, "stacked": {"n": 18, "count_good_approximation": 0, "count_exact_math": 0, "count_mildly_off": 0, "count_way_off": 0}, "bogo": {"n": 15, "count_good_approximation": 0, "count_exact_math": 0, "count_mildly_off": 0, "count_way_off": 0}, "pre_discount_tax": {"n": 25, "count_good_approximation": 0, "count_exact_math": 0, "count_mildly_off": 0, "count_way_off": 0}, "post_discount_tax": {"n": 36, "count_good_approximation": 0, "count_exact_math": 0, "count_mildly_off": 0, "count_way_off": 0}, "kg_g": {"n": 31, "count_good_approximation": 0, "count_exact_math": 0, "count_mildly_off": 0, "count_way_off": 0}, "lb_oz": {"n": 30, "count_good_approximation": 0, "count_exact_math": 0, "count_mildly_off": 0, "count_way_off": 0}, "tips_service": {"n": 61, "count_good_approximation": 0, "count_exact_math": 0, "count_mildly_off": 0, "count_way_off": 0}, "crowd_density": {"n": 49, "count_good_approximation": 0, "count_exact_math": 0, "count_mildly_off": 0, "count_way_off": 0}, "drive_time": {"n": 49, "count_good_approximation": 0, "count_exact_math": 0, "count_mildly_off": 0, "count_way_off": 0}, "fill_rate": {"n": 48, "count_good_approximation": 0, "count_exact_math": 0, "count_mildly_off": 0, "count_way_off": 0}}, "tool_call_count": 0, "avg_elapsed_seconds": 16.893938210487367, "avg_tokens_non_final": 157.706, "avg_tokens_reasoning": 0.0, "avg_tokens": 157.706, "avg_completion_tokens": 224.45, "avg_prompt_tokens": 116.838, "avg_total_tokens": 341.288, "avg_flops_estimate": null, "token_counts_include_prompt": true, "token_count_sources": {"tokenizer": 500}, "avg_relative_error": null, "median_relative_error": null}}
