{"id": "basket_sum_000171", "topic": "basket_sum", "subtopic": "decimal_prices", "prompt": "You’re buying 3 items: $7.04, $12.56, $5.78. About how much will you pay (before tax)?", "exact_value": 25.38, "model": "qwen/qwen2.5-3b-instruct", "provider": "transformers", "response": "Final answer: 26\n- Rounding the prices to the nearest 5's multiple makes $7.04 ≈ $7, $12.56 ≈ $15, and $5.78 ≈ $6. Summing these gives us 23, which rounds up to 25 as our final answer.", "numeric_answer": 26.0, "relative_error": 0.024428684003152127, "thinking_text": null, "has_tool_call": false, "tool_call": null, "usage": {"prompt_tokens": 178, "completion_tokens": 75, "total_tokens": 253, "token_count_source": "tokenizer"}, "decoding": {"temperature": 0.2, "top_p": null, "top_k": null, "max_tokens": 256, "seed": 42}, "prompt_tokens": 178, "completion_tokens": 75, "total_tokens": 253, "token_count_source": "tokenizer", "diffusion_steps": null, "flops_estimate": null, "flops_arch": null, "flops_model_params": null, "flops_active_params": null, "tokens_non_final": 37, "tokens_reasoning": 0, "tokens_response": 37, "elapsed_seconds": 2.656161308288574, "judgement": "Good approximation"}
{"id": "basket_sum_000191", "topic": "basket_sum", "subtopic": "decimal_prices", "prompt": "You’re buying 5 items: $17.31, $7.03, $9.93, $19.51, $11.17. About how much will you pay (before tax)?", "exact_value": 64.95, "model": "qwen/qwen2.5-3b-instruct", "provider": "transformers", "response": "Final answer: 60", "numeric_answer": 60.0, "relative_error": 0.07621247113163976, "thinking_text": null, "has_tool_call": false, "tool_call": null, "usage": {"prompt_tokens": 192, "completion_tokens": 7, "total_tokens": 199, "token_count_source": "tokenizer"}, "decoding": {"temperature": 0.2, "top_p": null, "top_k": null, "max_tokens": 256, "seed": 42}, "prompt_tokens": 192, "completion_tokens": 7, "total_tokens": 199, "token_count_source": "tokenizer", "diffusion_steps": null, "flops_estimate": null, "flops_arch": null, "flops_model_params": null, "flops_active_params": null, "tokens_non_final": 3, "tokens_reasoning": 0, "tokens_response": 3, "elapsed_seconds": 0.23643827438354492, "judgement": "Good approximation"}
{"id": "basket_sum_000211", "topic": "basket_sum", "subtopic": "decimal_prices", "prompt": "You’re buying 6 items: $13.05, $4.61, $17.83, $17.37, $4.97, $2.96. About how much will you pay (before tax)?", "exact_value": 60.79, "model": "qwen/qwen2.5-3b-instruct", "provider": "transformers", "response": "Final answer: 60", "numeric_answer": 60.0, "relative_error": 0.012995558480013146, "thinking_text": null, "has_tool_call": false, "tool_call": null, "usage": {"prompt_tokens": 198, "completion_tokens": 7, "total_tokens": 205, "token_count_source": "tokenizer"}, "decoding": {"temperature": 0.2, "top_p": null, "top_k": null, "max_tokens": 256, "seed": 42}, "prompt_tokens": 198, "completion_tokens": 7, "total_tokens": 205, "token_count_source": "tokenizer", "diffusion_steps": null, "flops_estimate": null, "flops_arch": null, "flops_model_params": null, "flops_active_params": null, "tokens_non_final": 3, "tokens_reasoning": 0, "tokens_response": 3, "elapsed_seconds": 0.2585456371307373, "judgement": "Good approximation"}
{"id": "basket_sum_000231", "topic": "basket_sum", "subtopic": "decimal_prices", "prompt": "You’re buying 6 items: $4.43, $10.89, $5.57, $12.80, $4.22, $15.17. About how much will you pay (before tax)?", "exact_value": 53.08, "model": "qwen/qwen2.5-3b-instruct", "provider": "transformers", "response": "Final answer: 30", "numeric_answer": 30.0, "relative_error": 0.4348153730218538, "thinking_text": null, "has_tool_call": false, "tool_call": null, "usage": {"prompt_tokens": 198, "completion_tokens": 7, "total_tokens": 205, "token_count_source": "tokenizer"}, "decoding": {"temperature": 0.2, "top_p": null, "top_k": null, "max_tokens": 256, "seed": 42}, "prompt_tokens": 198, "completion_tokens": 7, "total_tokens": 205, "token_count_source": "tokenizer", "diffusion_steps": null, "flops_estimate": null, "flops_arch": null, "flops_model_params": null, "flops_active_params": null, "tokens_non_final": 3, "tokens_reasoning": 0, "tokens_response": 3, "elapsed_seconds": 0.24209356307983398, "judgement": "Mildly off"}
{"id": "basket_sum_000251", "topic": "basket_sum", "subtopic": "decimal_prices", "prompt": "You’re buying 4 items: $7.24, $9.93, $15.10, $11.31. About how much will you pay (before tax)?", "exact_value": 43.58, "model": "qwen/qwen2.5-3b-instruct", "provider": "transformers", "response": "Final answer: 30", "numeric_answer": 30.0, "relative_error": 0.3116108306562643, "thinking_text": null, "has_tool_call": false, "tool_call": null, "usage": {"prompt_tokens": 185, "completion_tokens": 7, "total_tokens": 192, "token_count_source": "tokenizer"}, "decoding": {"temperature": 0.2, "top_p": null, "top_k": null, "max_tokens": 256, "seed": 42}, "prompt_tokens": 185, "completion_tokens": 7, "total_tokens": 192, "token_count_source": "tokenizer", "diffusion_steps": null, "flops_estimate": null, "flops_arch": null, "flops_model_params": null, "flops_active_params": null, "tokens_non_final": 3, "tokens_reasoning": 0, "tokens_response": 3, "elapsed_seconds": 0.24521970748901367, "judgement": "Mildly off"}
{"id": "basket_sum_000271", "topic": "basket_sum", "subtopic": "decimal_prices", "prompt": "You’re buying 4 items: $19.91, $19.58, $6.09, $1.98. About how much will you pay (before tax)?", "exact_value": 47.56, "model": "qwen/qwen2.5-3b-instruct", "provider": "transformers", "response": "Final answer: 60", "numeric_answer": 60.0, "relative_error": 0.2615643397813288, "thinking_text": null, "has_tool_call": false, "tool_call": null, "usage": {"prompt_tokens": 185, "completion_tokens": 7, "total_tokens": 192, "token_count_source": "tokenizer"}, "decoding": {"temperature": 0.2, "top_p": null, "top_k": null, "max_tokens": 256, "seed": 42}, "prompt_tokens": 185, "completion_tokens": 7, "total_tokens": 192, "token_count_source": "tokenizer", "diffusion_steps": null, "flops_estimate": null, "flops_arch": null, "flops_model_params": null, "flops_active_params": null, "tokens_non_final": 3, "tokens_reasoning": 0, "tokens_response": 3, "elapsed_seconds": 0.2531430721282959, "judgement": "Mildly off"}
{"id": "basket_sum_000291", "topic": "basket_sum", "subtopic": "decimal_prices", "prompt": "You’re buying 4 items: $10.75, $8.39, $14.91, $11.50. About how much will you pay (before tax)?", "exact_value": 45.55, "model": "qwen/qwen2.5-3b-instruct", "provider": "transformers", "response": "Final answer: 40", "numeric_answer": 40.0, "relative_error": 0.12184412733260148, "thinking_text": null, "has_tool_call": false, "tool_call": null, "usage": {"prompt_tokens": 186, "completion_tokens": 7, "total_tokens": 193, "token_count_source": "tokenizer"}, "decoding": {"temperature": 0.2, "top_p": null, "top_k": null, "max_tokens": 256, "seed": 42}, "prompt_tokens": 186, "completion_tokens": 7, "total_tokens": 193, "token_count_source": "tokenizer", "diffusion_steps": null, "flops_estimate": null, "flops_arch": null, "flops_model_params": null, "flops_active_params": null, "tokens_non_final": 3, "tokens_reasoning": 0, "tokens_response": 3, "elapsed_seconds": 0.23417305946350098, "judgement": "Good approximation"}
{"id": "basket_sum_000311", "topic": "basket_sum", "subtopic": "decimal_prices", "prompt": "You’re buying 3 items: $15.35, $16.98, $2.04. About how much will you pay (before tax)?", "exact_value": 34.37, "model": "qwen/qwen2.5-3b-instruct", "provider": "transformers", "response": "Final answer: 35", "numeric_answer": 35.0, "relative_error": 0.018329938900203742, "thinking_text": null, "has_tool_call": false, "tool_call": null, "usage": {"prompt_tokens": 179, "completion_tokens": 7, "total_tokens": 186, "token_count_source": "tokenizer"}, "decoding": {"temperature": 0.2, "top_p": null, "top_k": null, "max_tokens": 256, "seed": 42}, "prompt_tokens": 179, "completion_tokens": 7, "total_tokens": 186, "token_count_source": "tokenizer", "diffusion_steps": null, "flops_estimate": null, "flops_arch": null, "flops_model_params": null, "flops_active_params": null, "tokens_non_final": 3, "tokens_reasoning": 0, "tokens_response": 3, "elapsed_seconds": 0.24816226959228516, "judgement": "Good approximation"}
{"id": "basket_sum_000331", "topic": "basket_sum", "subtopic": "decimal_prices", "prompt": "You’re buying 6 items: $10.51, $16.13, $18.17, $3.75, $7.32, $10.07. About how much will you pay (before tax)?", "exact_value": 65.95, "model": "qwen/qwen2.5-3b-instruct", "provider": "transformers", "response": "Final answer: 70", "numeric_answer": 70.0, "relative_error": 0.06141015921152384, "thinking_text": null, "has_tool_call": false, "tool_call": null, "usage": {"prompt_tokens": 199, "completion_tokens": 7, "total_tokens": 206, "token_count_source": "tokenizer"}, "decoding": {"temperature": 0.2, "top_p": null, "top_k": null, "max_tokens": 256, "seed": 42}, "prompt_tokens": 199, "completion_tokens": 7, "total_tokens": 206, "token_count_source": "tokenizer", "diffusion_steps": null, "flops_estimate": null, "flops_arch": null, "flops_model_params": null, "flops_active_params": null, "tokens_non_final": 3, "tokens_reasoning": 0, "tokens_response": 3, "elapsed_seconds": 0.24866914749145508, "judgement": "Good approximation"}
{"id": "basket_sum_000351", "topic": "basket_sum", "subtopic": "decimal_prices", "prompt": "You’re buying 5 items: $4.79, $14.12, $9.07, $19.61, $11.68. About how much will you pay (before tax)?", "exact_value": 59.27, "model": "qwen/qwen2.5-3b-instruct", "provider": "transformers", "response": "Final answer: 60", "numeric_answer": 60.0, "relative_error": 0.012316517631179295, "thinking_text": null, "has_tool_call": false, "tool_call": null, "usage": {"prompt_tokens": 192, "completion_tokens": 7, "total_tokens": 199, "token_count_source": "tokenizer"}, "decoding": {"temperature": 0.2, "top_p": null, "top_k": null, "max_tokens": 256, "seed": 42}, "prompt_tokens": 192, "completion_tokens": 7, "total_tokens": 199, "token_count_source": "tokenizer", "diffusion_steps": null, "flops_estimate": null, "flops_arch": null, "flops_model_params": null, "flops_active_params": null, "tokens_non_final": 3, "tokens_reasoning": 0, "tokens_response": 3, "elapsed_seconds": 0.24257540702819824, "judgement": "Good approximation"}
{"id": "basket_sum_000371", "topic": "basket_sum", "subtopic": "decimal_prices", "prompt": "You’re buying 5 items: $9.72, $2.29, $17.88, $2.49, $9.86. About how much will you pay (before tax)?", "exact_value": 42.24, "model": "qwen/qwen2.5-3b-instruct", "provider": "transformers", "response": "Final answer: 33", "numeric_answer": 33.0, "relative_error": 0.21875000000000003, "thinking_text": null, "has_tool_call": false, "tool_call": null, "usage": {"prompt_tokens": 190, "completion_tokens": 7, "total_tokens": 197, "token_count_source": "tokenizer"}, "decoding": {"temperature": 0.2, "top_p": null, "top_k": null, "max_tokens": 256, "seed": 42}, "prompt_tokens": 190, "completion_tokens": 7, "total_tokens": 197, "token_count_source": "tokenizer", "diffusion_steps": null, "flops_estimate": null, "flops_arch": null, "flops_model_params": null, "flops_active_params": null, "tokens_non_final": 3, "tokens_reasoning": 0, "tokens_response": 3, "elapsed_seconds": 0.24519729614257812, "judgement": "Mildly off"}
{"id": "basket_sum_000391", "topic": "basket_sum", "subtopic": "decimal_prices", "prompt": "You’re buying 6 items: $2.67, $2.79, $9.35, $5.00, $6.23, $4.50. About how much will you pay (before tax)?", "exact_value": 30.54, "model": "qwen/qwen2.5-3b-instruct", "provider": "transformers", "response": "Final answer: 22", "numeric_answer": 22.0, "relative_error": 0.27963326784544856, "thinking_text": null, "has_tool_call": false, "tool_call": null, "usage": {"prompt_tokens": 195, "completion_tokens": 7, "total_tokens": 202, "token_count_source": "tokenizer"}, "decoding": {"temperature": 0.2, "top_p": null, "top_k": null, "max_tokens": 256, "seed": 42}, "prompt_tokens": 195, "completion_tokens": 7, "total_tokens": 202, "token_count_source": "tokenizer", "diffusion_steps": null, "flops_estimate": null, "flops_arch": null, "flops_model_params": null, "flops_active_params": null, "tokens_non_final": 3, "tokens_reasoning": 0, "tokens_response": 3, "elapsed_seconds": 0.2381746768951416, "judgement": "Mildly off"}
{"id": "basket_sum_000411", "topic": "basket_sum", "subtopic": "decimal_prices", "prompt": "You’re buying 6 items: $19.35, $1.11, $7.30, $7.27, $14.63, $8.58. About how much will you pay (before tax)?", "exact_value": 58.24, "model": "qwen/qwen2.5-3b-instruct", "provider": "transformers", "response": "Final answer: 50", "numeric_answer": 50.0, "relative_error": 0.1414835164835165, "thinking_text": null, "has_tool_call": false, "tool_call": null, "usage": {"prompt_tokens": 197, "completion_tokens": 7, "total_tokens": 204, "token_count_source": "tokenizer"}, "decoding": {"temperature": 0.2, "top_p": null, "top_k": null, "max_tokens": 256, "seed": 42}, "prompt_tokens": 197, "completion_tokens": 7, "total_tokens": 204, "token_count_source": "tokenizer", "diffusion_steps": null, "flops_estimate": null, "flops_arch": null, "flops_model_params": null, "flops_active_params": null, "tokens_non_final": 3, "tokens_reasoning": 0, "tokens_response": 3, "elapsed_seconds": 0.2461996078491211, "judgement": "Good approximation"}
{"id": "basket_sum_000431", "topic": "basket_sum", "subtopic": "decimal_prices", "prompt": "You’re buying 5 items: $7.21, $16.25, $15.35, $1.62, $15.01. About how much will you pay (before tax)?", "exact_value": 55.44, "model": "qwen/qwen2.5-3b-instruct", "provider": "transformers", "response": "Final answer: 80", "numeric_answer": 80.0, "relative_error": 0.44300144300144306, "thinking_text": null, "has_tool_call": false, "tool_call": null, "usage": {"prompt_tokens": 192, "completion_tokens": 7, "total_tokens": 199, "token_count_source": "tokenizer"}, "decoding": {"temperature": 0.2, "top_p": null, "top_k": null, "max_tokens": 256, "seed": 42}, "prompt_tokens": 192, "completion_tokens": 7, "total_tokens": 199, "token_count_source": "tokenizer", "diffusion_steps": null, "flops_estimate": null, "flops_arch": null, "flops_model_params": null, "flops_active_params": null, "tokens_non_final": 3, "tokens_reasoning": 0, "tokens_response": 3, "elapsed_seconds": 0.2435469627380371, "judgement": "Mildly off"}
{"id": "basket_sum_000451", "topic": "basket_sum", "subtopic": "decimal_prices", "prompt": "You’re buying 4 items: $15.91, $2.34, $17.70, $14.92. About how much will you pay (before tax)?", "exact_value": 50.87, "model": "qwen/qwen2.5-3b-instruct", "provider": "transformers", "response": "Final answer: 60", "numeric_answer": 60.0, "relative_error": 0.17947709848633778, "thinking_text": null, "has_tool_call": false, "tool_call": null, "usage": {"prompt_tokens": 186, "completion_tokens": 7, "total_tokens": 193, "token_count_source": "tokenizer"}, "decoding": {"temperature": 0.2, "top_p": null, "top_k": null, "max_tokens": 256, "seed": 42}, "prompt_tokens": 186, "completion_tokens": 7, "total_tokens": 193, "token_count_source": "tokenizer", "diffusion_steps": null, "flops_estimate": null, "flops_arch": null, "flops_model_params": null, "flops_active_params": null, "tokens_non_final": 3, "tokens_reasoning": 0, "tokens_response": 3, "elapsed_seconds": 0.22740554809570312, "judgement": "Good approximation"}
{"id": "basket_sum_000471", "topic": "basket_sum", "subtopic": "decimal_prices", "prompt": "You’re buying 5 items: $9.40, $19.52, $11.04, $3.12, $1.27. About how much will you pay (before tax)?", "exact_value": 44.35, "model": "qwen/qwen2.5-3b-instruct", "provider": "transformers", "response": "Final answer: 30", "numeric_answer": 30.0, "relative_error": 0.32356257046223225, "thinking_text": null, "has_tool_call": false, "tool_call": null, "usage": {"prompt_tokens": 191, "completion_tokens": 7, "total_tokens": 198, "token_count_source": "tokenizer"}, "decoding": {"temperature": 0.2, "top_p": null, "top_k": null, "max_tokens": 256, "seed": 42}, "prompt_tokens": 191, "completion_tokens": 7, "total_tokens": 198, "token_count_source": "tokenizer", "diffusion_steps": null, "flops_estimate": null, "flops_arch": null, "flops_model_params": null, "flops_active_params": null, "tokens_non_final": 3, "tokens_reasoning": 0, "tokens_response": 3, "elapsed_seconds": 0.2485027313232422, "judgement": "Mildly off"}
{"id": "basket_sum_000491", "topic": "basket_sum", "subtopic": "decimal_prices", "prompt": "You’re buying 3 items: $12.29, $7.74, $10.02. About how much will you pay (before tax)?", "exact_value": 30.05, "model": "qwen/qwen2.5-3b-instruct", "provider": "transformers", "response": "Final answer: 30\n- Rounding the $12.29 to $20, $7.74 to $10, and $10.02 to $10 for simplicity. Adding these gives $39, which rounds to $40.", "numeric_answer": 30.0, "relative_error": 0.0016638935108153315, "thinking_text": null, "has_tool_call": false, "tool_call": null, "usage": {"prompt_tokens": 179, "completion_tokens": 61, "total_tokens": 240, "token_count_source": "tokenizer"}, "decoding": {"temperature": 0.2, "top_p": null, "top_k": null, "max_tokens": 256, "seed": 42}, "prompt_tokens": 179, "completion_tokens": 61, "total_tokens": 240, "token_count_source": "tokenizer", "diffusion_steps": null, "flops_estimate": null, "flops_arch": null, "flops_model_params": null, "flops_active_params": null, "tokens_non_final": 26, "tokens_reasoning": 0, "tokens_response": 26, "elapsed_seconds": 2.0810184478759766, "judgement": "Good approximation"}
{"id": "basket_sum_000511", "topic": "basket_sum", "subtopic": "decimal_prices", "prompt": "You’re buying 5 items: $19.01, $7.47, $3.87, $10.40, $14.78. About how much will you pay (before tax)?", "exact_value": 55.53, "model": "qwen/qwen2.5-3b-instruct", "provider": "transformers", "response": "Final answer: 50", "numeric_answer": 50.0, "relative_error": 0.0995858094723573, "thinking_text": null, "has_tool_call": false, "tool_call": null, "usage": {"prompt_tokens": 192, "completion_tokens": 7, "total_tokens": 199, "token_count_source": "tokenizer"}, "decoding": {"temperature": 0.2, "top_p": null, "top_k": null, "max_tokens": 256, "seed": 42}, "prompt_tokens": 192, "completion_tokens": 7, "total_tokens": 199, "token_count_source": "tokenizer", "diffusion_steps": null, "flops_estimate": null, "flops_arch": null, "flops_model_params": null, "flops_active_params": null, "tokens_non_final": 3, "tokens_reasoning": 0, "tokens_response": 3, "elapsed_seconds": 0.2429196834564209, "judgement": "Good approximation"}
{"id": "basket_sum_000531", "topic": "basket_sum", "subtopic": "decimal_prices", "prompt": "You’re buying 3 items: $19.08, $1.40, $9.05. About how much will you pay (before tax)?", "exact_value": 29.53, "model": "qwen/qwen2.5-3b-instruct", "provider": "transformers", "response": "Final answer: 40", "numeric_answer": 40.0, "relative_error": 0.3545546901456146, "thinking_text": null, "has_tool_call": false, "tool_call": null, "usage": {"prompt_tokens": 178, "completion_tokens": 7, "total_tokens": 185, "token_count_source": "tokenizer"}, "decoding": {"temperature": 0.2, "top_p": null, "top_k": null, "max_tokens": 256, "seed": 42}, "prompt_tokens": 178, "completion_tokens": 7, "total_tokens": 185, "token_count_source": "tokenizer", "diffusion_steps": null, "flops_estimate": null, "flops_arch": null, "flops_model_params": null, "flops_active_params": null, "tokens_non_final": 3, "tokens_reasoning": 0, "tokens_response": 3, "elapsed_seconds": 0.2507908344268799, "judgement": "Mildly off"}
{"id": "basket_sum_000551", "topic": "basket_sum", "subtopic": "decimal_prices", "prompt": "You’re buying 4 items: $11.87, $4.88, $19.26, $15.04. About how much will you pay (before tax)?", "exact_value": 51.05, "model": "qwen/qwen2.5-3b-instruct", "provider": "transformers", "response": "Final answer: 65", "numeric_answer": 65.0, "relative_error": 0.2732615083251715, "thinking_text": null, "has_tool_call": false, "tool_call": null, "usage": {"prompt_tokens": 186, "completion_tokens": 7, "total_tokens": 193, "token_count_source": "tokenizer"}, "decoding": {"temperature": 0.2, "top_p": null, "top_k": null, "max_tokens": 256, "seed": 42}, "prompt_tokens": 186, "completion_tokens": 7, "total_tokens": 193, "token_count_source": "tokenizer", "diffusion_steps": null, "flops_estimate": null, "flops_arch": null, "flops_model_params": null, "flops_active_params": null, "tokens_non_final": 3, "tokens_reasoning": 0, "tokens_response": 3, "elapsed_seconds": 0.24029278755187988, "judgement": "Mildly off"}
{"id": "basket_sum_000571", "topic": "basket_sum", "subtopic": "decimal_prices", "prompt": "You’re buying 6 items: $6.73, $19.19, $7.76, $16.39, $3.13, $17.44. About how much will you pay (before tax)?", "exact_value": 70.64, "model": "qwen/qwen2.5-3b-instruct", "provider": "transformers", "response": "Final answer: 50", "numeric_answer": 50.0, "relative_error": 0.29218573046432617, "thinking_text": null, "has_tool_call": false, "tool_call": null, "usage": {"prompt_tokens": 198, "completion_tokens": 7, "total_tokens": 205, "token_count_source": "tokenizer"}, "decoding": {"temperature": 0.2, "top_p": null, "top_k": null, "max_tokens": 256, "seed": 42}, "prompt_tokens": 198, "completion_tokens": 7, "total_tokens": 205, "token_count_source": "tokenizer", "diffusion_steps": null, "flops_estimate": null, "flops_arch": null, "flops_model_params": null, "flops_active_params": null, "tokens_non_final": 3, "tokens_reasoning": 0, "tokens_response": 3, "elapsed_seconds": 0.25146007537841797, "judgement": "Mildly off"}
{"id": "basket_sum_000591", "topic": "basket_sum", "subtopic": "decimal_prices", "prompt": "You’re buying 3 items: $0.99, $3.35, $7.00. About how much will you pay (before tax)?", "exact_value": 11.34, "model": "qwen/qwen2.5-3b-instruct", "provider": "transformers", "response": "Final answer: 12", "numeric_answer": 12.0, "relative_error": 0.05820105820105821, "thinking_text": null, "has_tool_call": false, "tool_call": null, "usage": {"prompt_tokens": 177, "completion_tokens": 7, "total_tokens": 184, "token_count_source": "tokenizer"}, "decoding": {"temperature": 0.2, "top_p": null, "top_k": null, "max_tokens": 256, "seed": 42}, "prompt_tokens": 177, "completion_tokens": 7, "total_tokens": 184, "token_count_source": "tokenizer", "diffusion_steps": null, "flops_estimate": null, "flops_arch": null, "flops_model_params": null, "flops_active_params": null, "tokens_non_final": 3, "tokens_reasoning": 0, "tokens_response": 3, "elapsed_seconds": 0.23323273658752441, "judgement": "Good approximation"}
{"id": "basket_sum_000611", "topic": "basket_sum", "subtopic": "decimal_prices", "prompt": "You’re buying 5 items: $18.98, $19.99, $18.20, $16.09, $3.27. About how much will you pay (before tax)?", "exact_value": 76.53, "model": "qwen/qwen2.5-3b-instruct", "provider": "transformers", "response": "Final answer: 7", "numeric_answer": 7.0, "relative_error": 0.9085326015941461, "thinking_text": null, "has_tool_call": false, "tool_call": null, "usage": {"prompt_tokens": 193, "completion_tokens": 6, "total_tokens": 199, "token_count_source": "tokenizer"}, "decoding": {"temperature": 0.2, "top_p": null, "top_k": null, "max_tokens": 256, "seed": 42}, "prompt_tokens": 193, "completion_tokens": 6, "total_tokens": 199, "token_count_source": "tokenizer", "diffusion_steps": null, "flops_estimate": null, "flops_arch": null, "flops_model_params": null, "flops_active_params": null, "tokens_non_final": 3, "tokens_reasoning": 0, "tokens_response": 3, "elapsed_seconds": 0.21111154556274414, "judgement": "Way off"}
{"id": "basket_sum_000631", "topic": "basket_sum", "subtopic": "decimal_prices", "prompt": "You’re buying 6 items: $6.60, $16.40, $12.63, $14.05, $19.28, $13.75. About how much will you pay (before tax)?", "exact_value": 82.71, "model": "qwen/qwen2.5-3b-instruct", "provider": "transformers", "response": "Final answer: 65", "numeric_answer": 65.0, "relative_error": 0.21412162979083538, "thinking_text": null, "has_tool_call": false, "tool_call": null, "usage": {"prompt_tokens": 200, "completion_tokens": 7, "total_tokens": 207, "token_count_source": "tokenizer"}, "decoding": {"temperature": 0.2, "top_p": null, "top_k": null, "max_tokens": 256, "seed": 42}, "prompt_tokens": 200, "completion_tokens": 7, "total_tokens": 207, "token_count_source": "tokenizer", "diffusion_steps": null, "flops_estimate": null, "flops_arch": null, "flops_model_params": null, "flops_active_params": null, "tokens_non_final": 3, "tokens_reasoning": 0, "tokens_response": 3, "elapsed_seconds": 0.2572970390319824, "judgement": "Mildly off"}
{"id": "basket_sum_000651", "topic": "basket_sum", "subtopic": "decimal_prices", "prompt": "You’re buying 3 items: $14.35, $18.58, $9.20. About how much will you pay (before tax)?", "exact_value": 42.13, "model": "qwen/qwen2.5-3b-instruct", "provider": "transformers", "response": "Final answer: 41\n- Rounding the $14.35 to $15 and $18.58 to $19 for easier mental math. The $9.20 stays as is since it's close to a 10.\nSo, you would be paying around $41.", "numeric_answer": 41.0, "relative_error": 0.026821742226442024, "thinking_text": null, "has_tool_call": false, "tool_call": null, "usage": {"prompt_tokens": 179, "completion_tokens": 68, "total_tokens": 247, "token_count_source": "tokenizer"}, "decoding": {"temperature": 0.2, "top_p": null, "top_k": null, "max_tokens": 256, "seed": 42}, "prompt_tokens": 179, "completion_tokens": 68, "total_tokens": 247, "token_count_source": "tokenizer", "diffusion_steps": null, "flops_estimate": null, "flops_arch": null, "flops_model_params": null, "flops_active_params": null, "tokens_non_final": 35, "tokens_reasoning": 0, "tokens_response": 35, "elapsed_seconds": 2.3820106983184814, "judgement": "Good approximation"}
{"id": "basket_sum_000671", "topic": "basket_sum", "subtopic": "decimal_prices", "prompt": "You’re buying 5 items: $5.42, $15.65, $14.74, $19.74, $2.91. About how much will you pay (before tax)?", "exact_value": 58.46, "model": "qwen/qwen2.5-3b-instruct", "provider": "transformers", "response": "Final answer: 60", "numeric_answer": 60.0, "relative_error": 0.026342798494697214, "thinking_text": null, "has_tool_call": false, "tool_call": null, "usage": {"prompt_tokens": 192, "completion_tokens": 7, "total_tokens": 199, "token_count_source": "tokenizer"}, "decoding": {"temperature": 0.2, "top_p": null, "top_k": null, "max_tokens": 256, "seed": 42}, "prompt_tokens": 192, "completion_tokens": 7, "total_tokens": 199, "token_count_source": "tokenizer", "diffusion_steps": null, "flops_estimate": null, "flops_arch": null, "flops_model_params": null, "flops_active_params": null, "tokens_non_final": 3, "tokens_reasoning": 0, "tokens_response": 3, "elapsed_seconds": 0.25235891342163086, "judgement": "Good approximation"}
{"id": "basket_sum_000691", "topic": "basket_sum", "subtopic": "decimal_prices", "prompt": "You’re buying 6 items: $8.22, $18.07, $7.30, $1.67, $13.66, $9.30. About how much will you pay (before tax)?", "exact_value": 58.22, "model": "qwen/qwen2.5-3b-instruct", "provider": "transformers", "response": "Final answer: 45", "numeric_answer": 45.0, "relative_error": 0.22706973548608725, "thinking_text": null, "has_tool_call": false, "tool_call": null, "usage": {"prompt_tokens": 197, "completion_tokens": 7, "total_tokens": 204, "token_count_source": "tokenizer"}, "decoding": {"temperature": 0.2, "top_p": null, "top_k": null, "max_tokens": 256, "seed": 42}, "prompt_tokens": 197, "completion_tokens": 7, "total_tokens": 204, "token_count_source": "tokenizer", "diffusion_steps": null, "flops_estimate": null, "flops_arch": null, "flops_model_params": null, "flops_active_params": null, "tokens_non_final": 3, "tokens_reasoning": 0, "tokens_response": 3, "elapsed_seconds": 0.2464449405670166, "judgement": "Mildly off"}
{"id": "basket_sum_000711", "topic": "basket_sum", "subtopic": "decimal_prices", "prompt": "You’re buying 3 items: $16.39, $19.24, $12.71. About how much will you pay (before tax)?", "exact_value": 48.34, "model": "qwen/qwen2.5-3b-instruct", "provider": "transformers", "response": "Final answer: 48", "numeric_answer": 48.0, "relative_error": 0.0070335126189491805, "thinking_text": null, "has_tool_call": false, "tool_call": null, "usage": {"prompt_tokens": 180, "completion_tokens": 7, "total_tokens": 187, "token_count_source": "tokenizer"}, "decoding": {"temperature": 0.2, "top_p": null, "top_k": null, "max_tokens": 256, "seed": 42}, "prompt_tokens": 180, "completion_tokens": 7, "total_tokens": 187, "token_count_source": "tokenizer", "diffusion_steps": null, "flops_estimate": null, "flops_arch": null, "flops_model_params": null, "flops_active_params": null, "tokens_non_final": 3, "tokens_reasoning": 0, "tokens_response": 3, "elapsed_seconds": 0.24719905853271484, "judgement": "Good approximation"}
{"id": "basket_sum_000731", "topic": "basket_sum", "subtopic": "decimal_prices", "prompt": "You’re buying 3 items: $17.18, $6.99, $17.00. About how much will you pay (before tax)?", "exact_value": 41.17, "model": "qwen/qwen2.5-3b-instruct", "provider": "transformers", "response": "Final answer: 48\n- Rounding the prices to the nearest dime, we have $17.20, $7.00, and $17.00. Adding these up gives us approximately $41.20, which rounds to $41.00.", "numeric_answer": 48.0, "relative_error": 0.1658974981782851, "thinking_text": null, "has_tool_call": false, "tool_call": null, "usage": {"prompt_tokens": 179, "completion_tokens": 64, "total_tokens": 243, "token_count_source": "tokenizer"}, "decoding": {"temperature": 0.2, "top_p": null, "top_k": null, "max_tokens": 256, "seed": 42}, "prompt_tokens": 179, "completion_tokens": 64, "total_tokens": 243, "token_count_source": "tokenizer", "diffusion_steps": null, "flops_estimate": null, "flops_arch": null, "flops_model_params": null, "flops_active_params": null, "tokens_non_final": 28, "tokens_reasoning": 0, "tokens_response": 28, "elapsed_seconds": 2.220720052719116, "judgement": "Good approximation"}
{"id": "basket_sum_000751", "topic": "basket_sum", "subtopic": "decimal_prices", "prompt": "You’re buying 6 items: $6.72, $7.37, $7.87, $0.95, $12.05, $13.81. About how much will you pay (before tax)?", "exact_value": 48.77, "model": "qwen/qwen2.5-3b-instruct", "provider": "transformers", "response": "Final answer: 40", "numeric_answer": 40.0, "relative_error": 0.17982366208734885, "thinking_text": null, "has_tool_call": false, "tool_call": null, "usage": {"prompt_tokens": 197, "completion_tokens": 7, "total_tokens": 204, "token_count_source": "tokenizer"}, "decoding": {"temperature": 0.2, "top_p": null, "top_k": null, "max_tokens": 256, "seed": 42}, "prompt_tokens": 197, "completion_tokens": 7, "total_tokens": 204, "token_count_source": "tokenizer", "diffusion_steps": null, "flops_estimate": null, "flops_arch": null, "flops_model_params": null, "flops_active_params": null, "tokens_non_final": 3, "tokens_reasoning": 0, "tokens_response": 3, "elapsed_seconds": 0.24591708183288574, "judgement": "Good approximation"}
{"id": "basket_sum_000771", "topic": "basket_sum", "subtopic": "decimal_prices", "prompt": "You’re buying 4 items: $10.56, $15.22, $13.18, $10.57. About how much will you pay (before tax)?", "exact_value": 49.53, "model": "qwen/qwen2.5-3b-instruct", "provider": "transformers", "response": "Final answer: 43", "numeric_answer": 43.0, "relative_error": 0.1318392893196043, "thinking_text": null, "has_tool_call": false, "tool_call": null, "usage": {"prompt_tokens": 187, "completion_tokens": 7, "total_tokens": 194, "token_count_source": "tokenizer"}, "decoding": {"temperature": 0.2, "top_p": null, "top_k": null, "max_tokens": 256, "seed": 42}, "prompt_tokens": 187, "completion_tokens": 7, "total_tokens": 194, "token_count_source": "tokenizer", "diffusion_steps": null, "flops_estimate": null, "flops_arch": null, "flops_model_params": null, "flops_active_params": null, "tokens_non_final": 3, "tokens_reasoning": 0, "tokens_response": 3, "elapsed_seconds": 0.25116777420043945, "judgement": "Good approximation"}
{"id": "basket_sum_000791", "topic": "basket_sum", "subtopic": "decimal_prices", "prompt": "You’re buying 5 items: $7.05, $1.24, $15.87, $18.50, $3.74. About how much will you pay (before tax)?", "exact_value": 46.4, "model": "qwen/qwen2.5-3b-instruct", "provider": "transformers", "response": "Final answer: 50\n- Rounding the prices to the nearest 10 makes $7.05 to $7, $1.24 to $1, $15.87 to $16, $18.50 to $19, and $3.74 to $4. Adding these up gives us $34, which is close to our target of around $50.", "numeric_answer": 50.0, "relative_error": 0.07758620689655175, "thinking_text": null, "has_tool_call": false, "tool_call": null, "usage": {"prompt_tokens": 191, "completion_tokens": 91, "total_tokens": 282, "token_count_source": "tokenizer"}, "decoding": {"temperature": 0.2, "top_p": null, "top_k": null, "max_tokens": 256, "seed": 42}, "prompt_tokens": 191, "completion_tokens": 91, "total_tokens": 282, "token_count_source": "tokenizer", "diffusion_steps": null, "flops_estimate": null, "flops_arch": null, "flops_model_params": null, "flops_active_params": null, "tokens_non_final": 43, "tokens_reasoning": 0, "tokens_response": 43, "elapsed_seconds": 3.0830459594726562, "judgement": "Good approximation"}
{"id": "basket_sum_000811", "topic": "basket_sum", "subtopic": "decimal_prices", "prompt": "You’re buying 4 items: $7.07, $15.16, $10.10, $2.10. About how much will you pay (before tax)?", "exact_value": 34.43, "model": "qwen/qwen2.5-3b-instruct", "provider": "transformers", "response": "Final answer: 32", "numeric_answer": 32.0, "relative_error": 0.07057798431600348, "thinking_text": null, "has_tool_call": false, "tool_call": null, "usage": {"prompt_tokens": 185, "completion_tokens": 7, "total_tokens": 192, "token_count_source": "tokenizer"}, "decoding": {"temperature": 0.2, "top_p": null, "top_k": null, "max_tokens": 256, "seed": 42}, "prompt_tokens": 185, "completion_tokens": 7, "total_tokens": 192, "token_count_source": "tokenizer", "diffusion_steps": null, "flops_estimate": null, "flops_arch": null, "flops_model_params": null, "flops_active_params": null, "tokens_non_final": 3, "tokens_reasoning": 0, "tokens_response": 3, "elapsed_seconds": 0.24574780464172363, "judgement": "Good approximation"}
{"id": "basket_sum_000831", "topic": "basket_sum", "subtopic": "decimal_prices", "prompt": "You’re buying 6 items: $8.13, $13.09, $5.25, $12.07, $19.77, $5.26. About how much will you pay (before tax)?", "exact_value": 63.57, "model": "qwen/qwen2.5-3b-instruct", "provider": "transformers", "response": "Final answer: 40", "numeric_answer": 40.0, "relative_error": 0.3707723769073462, "thinking_text": null, "has_tool_call": false, "tool_call": null, "usage": {"prompt_tokens": 198, "completion_tokens": 7, "total_tokens": 205, "token_count_source": "tokenizer"}, "decoding": {"temperature": 0.2, "top_p": null, "top_k": null, "max_tokens": 256, "seed": 42}, "prompt_tokens": 198, "completion_tokens": 7, "total_tokens": 205, "token_count_source": "tokenizer", "diffusion_steps": null, "flops_estimate": null, "flops_arch": null, "flops_model_params": null, "flops_active_params": null, "tokens_non_final": 3, "tokens_reasoning": 0, "tokens_response": 3, "elapsed_seconds": 0.23024749755859375, "judgement": "Mildly off"}
{"id": "basket_sum_000851", "topic": "basket_sum", "subtopic": "decimal_prices", "prompt": "You’re buying 6 items: $6.70, $19.75, $2.16, $17.78, $19.85, $3.18. About how much will you pay (before tax)?", "exact_value": 69.42, "model": "qwen/qwen2.5-3b-instruct", "provider": "transformers", "response": "Final answer: 65", "numeric_answer": 65.0, "relative_error": 0.06367041198501874, "thinking_text": null, "has_tool_call": false, "tool_call": null, "usage": {"prompt_tokens": 198, "completion_tokens": 7, "total_tokens": 205, "token_count_source": "tokenizer"}, "decoding": {"temperature": 0.2, "top_p": null, "top_k": null, "max_tokens": 256, "seed": 42}, "prompt_tokens": 198, "completion_tokens": 7, "total_tokens": 205, "token_count_source": "tokenizer", "diffusion_steps": null, "flops_estimate": null, "flops_arch": null, "flops_model_params": null, "flops_active_params": null, "tokens_non_final": 3, "tokens_reasoning": 0, "tokens_response": 3, "elapsed_seconds": 0.2364194393157959, "judgement": "Good approximation"}
{"id": "basket_sum_000871", "topic": "basket_sum", "subtopic": "decimal_prices", "prompt": "You’re buying 5 items: $19.98, $16.47, $18.86, $13.56, $8.06. About how much will you pay (before tax)?", "exact_value": 76.93, "model": "qwen/qwen2.5-3b-instruct", "provider": "transformers", "response": "Final answer: 80", "numeric_answer": 80.0, "relative_error": 0.039906408423241814, "thinking_text": null, "has_tool_call": false, "tool_call": null, "usage": {"prompt_tokens": 193, "completion_tokens": 7, "total_tokens": 200, "token_count_source": "tokenizer"}, "decoding": {"temperature": 0.2, "top_p": null, "top_k": null, "max_tokens": 256, "seed": 42}, "prompt_tokens": 193, "completion_tokens": 7, "total_tokens": 200, "token_count_source": "tokenizer", "diffusion_steps": null, "flops_estimate": null, "flops_arch": null, "flops_model_params": null, "flops_active_params": null, "tokens_non_final": 3, "tokens_reasoning": 0, "tokens_response": 3, "elapsed_seconds": 0.24626708030700684, "judgement": "Good approximation"}
{"id": "basket_sum_000891", "topic": "basket_sum", "subtopic": "decimal_prices", "prompt": "You’re buying 5 items: $15.60, $16.10, $18.72, $3.22, $13.53. About how much will you pay (before tax)?", "exact_value": 67.17, "model": "qwen/qwen2.5-3b-instruct", "provider": "transformers", "response": "Final answer: 70", "numeric_answer": 70.0, "relative_error": 0.04213190412386479, "thinking_text": null, "has_tool_call": false, "tool_call": null, "usage": {"prompt_tokens": 193, "completion_tokens": 7, "total_tokens": 200, "token_count_source": "tokenizer"}, "decoding": {"temperature": 0.2, "top_p": null, "top_k": null, "max_tokens": 256, "seed": 42}, "prompt_tokens": 193, "completion_tokens": 7, "total_tokens": 200, "token_count_source": "tokenizer", "diffusion_steps": null, "flops_estimate": null, "flops_arch": null, "flops_model_params": null, "flops_active_params": null, "tokens_non_final": 3, "tokens_reasoning": 0, "tokens_response": 3, "elapsed_seconds": 0.2331709861755371, "judgement": "Good approximation"}
{"id": "basket_sum_000911", "topic": "basket_sum", "subtopic": "decimal_prices", "prompt": "You’re buying 5 items: $12.93, $9.34, $1.01, $3.03, $3.13. About how much will you pay (before tax)?", "exact_value": 29.44, "model": "qwen/qwen2.5-3b-instruct", "provider": "transformers", "response": "Final answer: 30", "numeric_answer": 30.0, "relative_error": 0.01902173913043474, "thinking_text": null, "has_tool_call": false, "tool_call": null, "usage": {"prompt_tokens": 190, "completion_tokens": 7, "total_tokens": 197, "token_count_source": "tokenizer"}, "decoding": {"temperature": 0.2, "top_p": null, "top_k": null, "max_tokens": 256, "seed": 42}, "prompt_tokens": 190, "completion_tokens": 7, "total_tokens": 197, "token_count_source": "tokenizer", "diffusion_steps": null, "flops_estimate": null, "flops_arch": null, "flops_model_params": null, "flops_active_params": null, "tokens_non_final": 3, "tokens_reasoning": 0, "tokens_response": 3, "elapsed_seconds": 0.240401029586792, "judgement": "Good approximation"}
{"id": "basket_sum_000931", "topic": "basket_sum", "subtopic": "decimal_prices", "prompt": "You’re buying 3 items: $7.76, $7.19, $6.04. About how much will you pay (before tax)?", "exact_value": 20.99, "model": "qwen/qwen2.5-3b-instruct", "provider": "transformers", "response": "Final answer: 20", "numeric_answer": 20.0, "relative_error": 0.04716531681753209, "thinking_text": null, "has_tool_call": false, "tool_call": null, "usage": {"prompt_tokens": 177, "completion_tokens": 7, "total_tokens": 184, "token_count_source": "tokenizer"}, "decoding": {"temperature": 0.2, "top_p": null, "top_k": null, "max_tokens": 256, "seed": 42}, "prompt_tokens": 177, "completion_tokens": 7, "total_tokens": 184, "token_count_source": "tokenizer", "diffusion_steps": null, "flops_estimate": null, "flops_arch": null, "flops_model_params": null, "flops_active_params": null, "tokens_non_final": 3, "tokens_reasoning": 0, "tokens_response": 3, "elapsed_seconds": 0.24048876762390137, "judgement": "Good approximation"}
{"id": "basket_sum_000951", "topic": "basket_sum", "subtopic": "decimal_prices", "prompt": "You’re buying 3 items: $6.36, $10.07, $5.87. About how much will you pay (before tax)?", "exact_value": 22.3, "model": "qwen/qwen2.5-3b-instruct", "provider": "transformers", "response": "Final answer: 25\n- Rounding the prices to the nearest 5's multiple: $6 -> $5, $10 -> $10, $6 -> $5. Then, adding them up gives approximately $20, which is close to our target of $25.", "numeric_answer": 25.0, "relative_error": 0.12107623318385646, "thinking_text": null, "has_tool_call": false, "tool_call": null, "usage": {"prompt_tokens": 178, "completion_tokens": 63, "total_tokens": 241, "token_count_source": "tokenizer"}, "decoding": {"temperature": 0.2, "top_p": null, "top_k": null, "max_tokens": 256, "seed": 42}, "prompt_tokens": 178, "completion_tokens": 63, "total_tokens": 241, "token_count_source": "tokenizer", "diffusion_steps": null, "flops_estimate": null, "flops_arch": null, "flops_model_params": null, "flops_active_params": null, "tokens_non_final": 36, "tokens_reasoning": 0, "tokens_response": 36, "elapsed_seconds": 2.160961151123047, "judgement": "Good approximation"}
{"id": "basket_sum_000971", "topic": "basket_sum", "subtopic": "decimal_prices", "prompt": "You’re buying 6 items: $10.87, $14.23, $19.61, $5.05, $8.97, $1.97. About how much will you pay (before tax)?", "exact_value": 60.7, "model": "qwen/qwen2.5-3b-instruct", "provider": "transformers", "response": "Final answer: 60", "numeric_answer": 60.0, "relative_error": 0.011532125205930853, "thinking_text": null, "has_tool_call": false, "tool_call": null, "usage": {"prompt_tokens": 198, "completion_tokens": 7, "total_tokens": 205, "token_count_source": "tokenizer"}, "decoding": {"temperature": 0.2, "top_p": null, "top_k": null, "max_tokens": 256, "seed": 42}, "prompt_tokens": 198, "completion_tokens": 7, "total_tokens": 205, "token_count_source": "tokenizer", "diffusion_steps": null, "flops_estimate": null, "flops_arch": null, "flops_model_params": null, "flops_active_params": null, "tokens_non_final": 3, "tokens_reasoning": 0, "tokens_response": 3, "elapsed_seconds": 0.24395966529846191, "judgement": "Good approximation"}
{"id": "basket_sum_000991", "topic": "basket_sum", "subtopic": "decimal_prices", "prompt": "You’re buying 4 items: $11.05, $0.82, $7.46, $12.41. About how much will you pay (before tax)?", "exact_value": 31.74, "model": "qwen/qwen2.5-3b-instruct", "provider": "transformers", "response": "Final answer: 38", "numeric_answer": 38.0, "relative_error": 0.19722747321991185, "thinking_text": null, "has_tool_call": false, "tool_call": null, "usage": {"prompt_tokens": 185, "completion_tokens": 7, "total_tokens": 192, "token_count_source": "tokenizer"}, "decoding": {"temperature": 0.2, "top_p": null, "top_k": null, "max_tokens": 256, "seed": 42}, "prompt_tokens": 185, "completion_tokens": 7, "total_tokens": 192, "token_count_source": "tokenizer", "diffusion_steps": null, "flops_estimate": null, "flops_arch": null, "flops_model_params": null, "flops_active_params": null, "tokens_non_final": 3, "tokens_reasoning": 0, "tokens_response": 3, "elapsed_seconds": 0.24688720703125, "judgement": "Good approximation"}
{"id": "basket_sum_001011", "topic": "basket_sum", "subtopic": "decimal_prices", "prompt": "You’re buying 3 items: $10.23, $19.81, $5.10. About how much will you pay (before tax)?", "exact_value": 35.14, "model": "qwen/qwen2.5-3b-instruct", "provider": "transformers", "response": "Final answer: 40", "numeric_answer": 40.0, "relative_error": 0.13830392714854864, "thinking_text": null, "has_tool_call": false, "tool_call": null, "usage": {"prompt_tokens": 179, "completion_tokens": 7, "total_tokens": 186, "token_count_source": "tokenizer"}, "decoding": {"temperature": 0.2, "top_p": null, "top_k": null, "max_tokens": 256, "seed": 42}, "prompt_tokens": 179, "completion_tokens": 7, "total_tokens": 186, "token_count_source": "tokenizer", "diffusion_steps": null, "flops_estimate": null, "flops_arch": null, "flops_model_params": null, "flops_active_params": null, "tokens_non_final": 3, "tokens_reasoning": 0, "tokens_response": 3, "elapsed_seconds": 0.24663233757019043, "judgement": "Good approximation"}
{"id": "basket_sum_001031", "topic": "basket_sum", "subtopic": "decimal_prices", "prompt": "You’re buying 3 items: $12.39, $4.12, $3.87. About how much will you pay (before tax)?", "exact_value": 20.38, "model": "qwen/qwen2.5-3b-instruct", "provider": "transformers", "response": "Final answer: 25\n- Rounding the prices to the nearest 5's multiple: $12.39 → $15, $4.12 → $5, $3.87 → $5.\n- Adding these up: $15 + $5 + $5 = $25.", "numeric_answer": 25.0, "relative_error": 0.22669283611383714, "thinking_text": null, "has_tool_call": false, "tool_call": null, "usage": {"prompt_tokens": 178, "completion_tokens": 69, "total_tokens": 247, "token_count_source": "tokenizer"}, "decoding": {"temperature": 0.2, "top_p": null, "top_k": null, "max_tokens": 256, "seed": 42}, "prompt_tokens": 178, "completion_tokens": 69, "total_tokens": 247, "token_count_source": "tokenizer", "diffusion_steps": null, "flops_estimate": null, "flops_arch": null, "flops_model_params": null, "flops_active_params": null, "tokens_non_final": 32, "tokens_reasoning": 0, "tokens_response": 32, "elapsed_seconds": 2.388416290283203, "judgement": "Mildly off"}
{"id": "basket_sum_001051", "topic": "basket_sum", "subtopic": "decimal_prices", "prompt": "You’re buying 6 items: $2.66, $1.08, $15.50, $6.73, $17.45, $16.10. About how much will you pay (before tax)?", "exact_value": 59.52, "model": "qwen/qwen2.5-3b-instruct", "provider": "transformers", "response": "Final answer: 50", "numeric_answer": 50.0, "relative_error": 0.15994623655913984, "thinking_text": null, "has_tool_call": false, "tool_call": null, "usage": {"prompt_tokens": 198, "completion_tokens": 7, "total_tokens": 205, "token_count_source": "tokenizer"}, "decoding": {"temperature": 0.2, "top_p": null, "top_k": null, "max_tokens": 256, "seed": 42}, "prompt_tokens": 198, "completion_tokens": 7, "total_tokens": 205, "token_count_source": "tokenizer", "diffusion_steps": null, "flops_estimate": null, "flops_arch": null, "flops_model_params": null, "flops_active_params": null, "tokens_non_final": 3, "tokens_reasoning": 0, "tokens_response": 3, "elapsed_seconds": 0.23148894309997559, "judgement": "Good approximation"}
{"id": "basket_sum_001071", "topic": "basket_sum", "subtopic": "decimal_prices", "prompt": "You’re buying 4 items: $7.01, $19.73, $18.82, $15.05. About how much will you pay (before tax)?", "exact_value": 60.61, "model": "qwen/qwen2.5-3b-instruct", "provider": "transformers", "response": "Final answer: 60", "numeric_answer": 60.0, "relative_error": 0.010064345817521851, "thinking_text": null, "has_tool_call": false, "tool_call": null, "usage": {"prompt_tokens": 186, "completion_tokens": 7, "total_tokens": 193, "token_count_source": "tokenizer"}, "decoding": {"temperature": 0.2, "top_p": null, "top_k": null, "max_tokens": 256, "seed": 42}, "prompt_tokens": 186, "completion_tokens": 7, "total_tokens": 193, "token_count_source": "tokenizer", "diffusion_steps": null, "flops_estimate": null, "flops_arch": null, "flops_model_params": null, "flops_active_params": null, "tokens_non_final": 3, "tokens_reasoning": 0, "tokens_response": 3, "elapsed_seconds": 0.23984622955322266, "judgement": "Good approximation"}
{"id": "basket_sum_001091", "topic": "basket_sum", "subtopic": "decimal_prices", "prompt": "You’re buying 6 items: $5.22, $14.42, $3.22, $3.06, $11.87, $8.32. About how much will you pay (before tax)?", "exact_value": 46.11, "model": "qwen/qwen2.5-3b-instruct", "provider": "transformers", "response": "Final answer: 30", "numeric_answer": 30.0, "relative_error": 0.3493819128171763, "thinking_text": null, "has_tool_call": false, "tool_call": null, "usage": {"prompt_tokens": 197, "completion_tokens": 7, "total_tokens": 204, "token_count_source": "tokenizer"}, "decoding": {"temperature": 0.2, "top_p": null, "top_k": null, "max_tokens": 256, "seed": 42}, "prompt_tokens": 197, "completion_tokens": 7, "total_tokens": 204, "token_count_source": "tokenizer", "diffusion_steps": null, "flops_estimate": null, "flops_arch": null, "flops_model_params": null, "flops_active_params": null, "tokens_non_final": 3, "tokens_reasoning": 0, "tokens_response": 3, "elapsed_seconds": 0.24749064445495605, "judgement": "Mildly off"}
{"id": "basket_sum_001111", "topic": "basket_sum", "subtopic": "decimal_prices", "prompt": "You’re buying 4 items: $19.10, $10.16, $17.74, $8.93. About how much will you pay (before tax)?", "exact_value": 55.93, "model": "qwen/qwen2.5-3b-instruct", "provider": "transformers", "response": "Final answer: 50", "numeric_answer": 50.0, "relative_error": 0.10602538887895584, "thinking_text": null, "has_tool_call": false, "tool_call": null, "usage": {"prompt_tokens": 186, "completion_tokens": 7, "total_tokens": 193, "token_count_source": "tokenizer"}, "decoding": {"temperature": 0.2, "top_p": null, "top_k": null, "max_tokens": 256, "seed": 42}, "prompt_tokens": 186, "completion_tokens": 7, "total_tokens": 193, "token_count_source": "tokenizer", "diffusion_steps": null, "flops_estimate": null, "flops_arch": null, "flops_model_params": null, "flops_active_params": null, "tokens_non_final": 3, "tokens_reasoning": 0, "tokens_response": 3, "elapsed_seconds": 0.23780059814453125, "judgement": "Good approximation"}
{"id": "basket_sum_001131", "topic": "basket_sum", "subtopic": "decimal_prices", "prompt": "You’re buying 3 items: $18.72, $17.46, $5.78. About how much will you pay (before tax)?", "exact_value": 41.96, "model": "qwen/qwen2.5-3b-instruct", "provider": "transformers", "response": "Final answer: 48", "numeric_answer": 48.0, "relative_error": 0.14394661582459484, "thinking_text": null, "has_tool_call": false, "tool_call": null, "usage": {"prompt_tokens": 179, "completion_tokens": 7, "total_tokens": 186, "token_count_source": "tokenizer"}, "decoding": {"temperature": 0.2, "top_p": null, "top_k": null, "max_tokens": 256, "seed": 42}, "prompt_tokens": 179, "completion_tokens": 7, "total_tokens": 186, "token_count_source": "tokenizer", "diffusion_steps": null, "flops_estimate": null, "flops_arch": null, "flops_model_params": null, "flops_active_params": null, "tokens_non_final": 3, "tokens_reasoning": 0, "tokens_response": 3, "elapsed_seconds": 0.23645472526550293, "judgement": "Good approximation"}
{"id": "basket_sum_001151", "topic": "basket_sum", "subtopic": "decimal_prices", "prompt": "You’re buying 6 items: $8.31, $2.74, $14.88, $17.68, $5.94, $4.74. About how much will you pay (before tax)?", "exact_value": 54.29, "model": "qwen/qwen2.5-3b-instruct", "provider": "transformers", "response": "Final answer: 40", "numeric_answer": 40.0, "relative_error": 0.2632160618898508, "thinking_text": null, "has_tool_call": false, "tool_call": null, "usage": {"prompt_tokens": 197, "completion_tokens": 7, "total_tokens": 204, "token_count_source": "tokenizer"}, "decoding": {"temperature": 0.2, "top_p": null, "top_k": null, "max_tokens": 256, "seed": 42}, "prompt_tokens": 197, "completion_tokens": 7, "total_tokens": 204, "token_count_source": "tokenizer", "diffusion_steps": null, "flops_estimate": null, "flops_arch": null, "flops_model_params": null, "flops_active_params": null, "tokens_non_final": 3, "tokens_reasoning": 0, "tokens_response": 3, "elapsed_seconds": 0.25021839141845703, "judgement": "Mildly off"}
{"id": "basket_sum_001171", "topic": "basket_sum", "subtopic": "decimal_prices", "prompt": "You’re buying 3 items: $10.17, $0.89, $7.55. About how much will you pay (before tax)?", "exact_value": 18.61, "model": "qwen/qwen2.5-3b-instruct", "provider": "transformers", "response": "Final answer: 25", "numeric_answer": 25.0, "relative_error": 0.3433637829124127, "thinking_text": null, "has_tool_call": false, "tool_call": null, "usage": {"prompt_tokens": 178, "completion_tokens": 7, "total_tokens": 185, "token_count_source": "tokenizer"}, "decoding": {"temperature": 0.2, "top_p": null, "top_k": null, "max_tokens": 256, "seed": 42}, "prompt_tokens": 178, "completion_tokens": 7, "total_tokens": 185, "token_count_source": "tokenizer", "diffusion_steps": null, "flops_estimate": null, "flops_arch": null, "flops_model_params": null, "flops_active_params": null, "tokens_non_final": 3, "tokens_reasoning": 0, "tokens_response": 3, "elapsed_seconds": 0.22742962837219238, "judgement": "Mildly off"}
{"id": "basket_sum_001191", "topic": "basket_sum", "subtopic": "decimal_prices", "prompt": "You’re buying 5 items: $16.57, $13.87, $17.29, $12.64, $9.09. About how much will you pay (before tax)?", "exact_value": 69.46, "model": "qwen/qwen2.5-3b-instruct", "provider": "transformers", "response": "Final answer: 70", "numeric_answer": 70.0, "relative_error": 0.007774258566081289, "thinking_text": null, "has_tool_call": false, "tool_call": null, "usage": {"prompt_tokens": 193, "completion_tokens": 7, "total_tokens": 200, "token_count_source": "tokenizer"}, "decoding": {"temperature": 0.2, "top_p": null, "top_k": null, "max_tokens": 256, "seed": 42}, "prompt_tokens": 193, "completion_tokens": 7, "total_tokens": 200, "token_count_source": "tokenizer", "diffusion_steps": null, "flops_estimate": null, "flops_arch": null, "flops_model_params": null, "flops_active_params": null, "tokens_non_final": 3, "tokens_reasoning": 0, "tokens_response": 3, "elapsed_seconds": 0.25035858154296875, "judgement": "Good approximation"}
{"id": "basket_sum_001211", "topic": "basket_sum", "subtopic": "decimal_prices", "prompt": "You’re buying 4 items: $2.44, $1.26, $19.22, $2.64. About how much will you pay (before tax)?", "exact_value": 25.56, "model": "qwen/qwen2.5-3b-instruct", "provider": "transformers", "response": "Final answer: 23", "numeric_answer": 23.0, "relative_error": 0.10015649452269167, "thinking_text": null, "has_tool_call": false, "tool_call": null, "usage": {"prompt_tokens": 184, "completion_tokens": 7, "total_tokens": 191, "token_count_source": "tokenizer"}, "decoding": {"temperature": 0.2, "top_p": null, "top_k": null, "max_tokens": 256, "seed": 42}, "prompt_tokens": 184, "completion_tokens": 7, "total_tokens": 191, "token_count_source": "tokenizer", "diffusion_steps": null, "flops_estimate": null, "flops_arch": null, "flops_model_params": null, "flops_active_params": null, "tokens_non_final": 3, "tokens_reasoning": 0, "tokens_response": 3, "elapsed_seconds": 0.2424452304840088, "judgement": "Good approximation"}
{"id": "basket_sum_001231", "topic": "basket_sum", "subtopic": "decimal_prices", "prompt": "You’re buying 5 items: $4.51, $9.17, $1.90, $5.25, $12.09. About how much will you pay (before tax)?", "exact_value": 32.92, "model": "qwen/qwen2.5-3b-instruct", "provider": "transformers", "response": "Final answer: 30", "numeric_answer": 30.0, "relative_error": 0.08869987849331717, "thinking_text": null, "has_tool_call": false, "tool_call": null, "usage": {"prompt_tokens": 190, "completion_tokens": 7, "total_tokens": 197, "token_count_source": "tokenizer"}, "decoding": {"temperature": 0.2, "top_p": null, "top_k": null, "max_tokens": 256, "seed": 42}, "prompt_tokens": 190, "completion_tokens": 7, "total_tokens": 197, "token_count_source": "tokenizer", "diffusion_steps": null, "flops_estimate": null, "flops_arch": null, "flops_model_params": null, "flops_active_params": null, "tokens_non_final": 3, "tokens_reasoning": 0, "tokens_response": 3, "elapsed_seconds": 0.24415969848632812, "judgement": "Good approximation"}
{"id": "basket_sum_001251", "topic": "basket_sum", "subtopic": "decimal_prices", "prompt": "You’re buying 5 items: $3.91, $8.11, $15.11, $18.54, $3.32. About how much will you pay (before tax)?", "exact_value": 48.99, "model": "qwen/qwen2.5-3b-instruct", "provider": "transformers", "response": "Final answer: 45", "numeric_answer": 45.0, "relative_error": 0.08144519289650953, "thinking_text": null, "has_tool_call": false, "tool_call": null, "usage": {"prompt_tokens": 191, "completion_tokens": 7, "total_tokens": 198, "token_count_source": "tokenizer"}, "decoding": {"temperature": 0.2, "top_p": null, "top_k": null, "max_tokens": 256, "seed": 42}, "prompt_tokens": 191, "completion_tokens": 7, "total_tokens": 198, "token_count_source": "tokenizer", "diffusion_steps": null, "flops_estimate": null, "flops_arch": null, "flops_model_params": null, "flops_active_params": null, "tokens_non_final": 3, "tokens_reasoning": 0, "tokens_response": 3, "elapsed_seconds": 0.24937772750854492, "judgement": "Good approximation"}
{"id": "basket_sum_001271", "topic": "basket_sum", "subtopic": "decimal_prices", "prompt": "You’re buying 6 items: $11.14, $3.12, $17.66, $16.12, $12.45, $13.45. About how much will you pay (before tax)?", "exact_value": 73.94, "model": "qwen/qwen2.5-3b-instruct", "provider": "transformers", "response": "Final answer: 60", "numeric_answer": 60.0, "relative_error": 0.1885312415472004, "thinking_text": null, "has_tool_call": false, "tool_call": null, "usage": {"prompt_tokens": 200, "completion_tokens": 7, "total_tokens": 207, "token_count_source": "tokenizer"}, "decoding": {"temperature": 0.2, "top_p": null, "top_k": null, "max_tokens": 256, "seed": 42}, "prompt_tokens": 200, "completion_tokens": 7, "total_tokens": 207, "token_count_source": "tokenizer", "diffusion_steps": null, "flops_estimate": null, "flops_arch": null, "flops_model_params": null, "flops_active_params": null, "tokens_non_final": 3, "tokens_reasoning": 0, "tokens_response": 3, "elapsed_seconds": 0.24266934394836426, "judgement": "Good approximation"}
{"id": "basket_sum_001291", "topic": "basket_sum", "subtopic": "decimal_prices", "prompt": "You’re buying 5 items: $18.82, $5.77, $12.43, $2.83, $5.24. About how much will you pay (before tax)?", "exact_value": 45.09, "model": "qwen/qwen2.5-3b-instruct", "provider": "transformers", "response": "Final answer: 40", "numeric_answer": 40.0, "relative_error": 0.11288534043025068, "thinking_text": null, "has_tool_call": false, "tool_call": null, "usage": {"prompt_tokens": 191, "completion_tokens": 7, "total_tokens": 198, "token_count_source": "tokenizer"}, "decoding": {"temperature": 0.2, "top_p": null, "top_k": null, "max_tokens": 256, "seed": 42}, "prompt_tokens": 191, "completion_tokens": 7, "total_tokens": 198, "token_count_source": "tokenizer", "diffusion_steps": null, "flops_estimate": null, "flops_arch": null, "flops_model_params": null, "flops_active_params": null, "tokens_non_final": 3, "tokens_reasoning": 0, "tokens_response": 3, "elapsed_seconds": 0.22900676727294922, "judgement": "Good approximation"}
{"id": "basket_sum_001311", "topic": "basket_sum", "subtopic": "decimal_prices", "prompt": "You’re buying 5 items: $13.47, $7.46, $8.43, $3.25, $17.73. About how much will you pay (before tax)?", "exact_value": 50.34, "model": "qwen/qwen2.5-3b-instruct", "provider": "transformers", "response": "Final answer: 40", "numeric_answer": 40.0, "relative_error": 0.20540325784664287, "thinking_text": null, "has_tool_call": false, "tool_call": null, "usage": {"prompt_tokens": 191, "completion_tokens": 7, "total_tokens": 198, "token_count_source": "tokenizer"}, "decoding": {"temperature": 0.2, "top_p": null, "top_k": null, "max_tokens": 256, "seed": 42}, "prompt_tokens": 191, "completion_tokens": 7, "total_tokens": 198, "token_count_source": "tokenizer", "diffusion_steps": null, "flops_estimate": null, "flops_arch": null, "flops_model_params": null, "flops_active_params": null, "tokens_non_final": 3, "tokens_reasoning": 0, "tokens_response": 3, "elapsed_seconds": 0.24854183197021484, "judgement": "Mildly off"}
{"id": "basket_sum_001331", "topic": "basket_sum", "subtopic": "decimal_prices", "prompt": "You’re buying 3 items: $9.47, $11.89, $1.27. About how much will you pay (before tax)?", "exact_value": 22.63, "model": "qwen/qwen2.5-3b-instruct", "provider": "transformers", "response": "Final answer: 24\n- Rounded the $9.47 to $10 for simplicity.\n- The $11.89 was rounded up to $12.\n- The $1.27 was rounded down to $1.\n- Adding these gives $23, which is then adjusted to $24 as a simpler, more memorable figure.", "numeric_answer": 24.0, "relative_error": 0.06053910737958467, "thinking_text": null, "has_tool_call": false, "tool_call": null, "usage": {"prompt_tokens": 178, "completion_tokens": 77, "total_tokens": 255, "token_count_source": "tokenizer"}, "decoding": {"temperature": 0.2, "top_p": null, "top_k": null, "max_tokens": 256, "seed": 42}, "prompt_tokens": 178, "completion_tokens": 77, "total_tokens": 255, "token_count_source": "tokenizer", "diffusion_steps": null, "flops_estimate": null, "flops_arch": null, "flops_model_params": null, "flops_active_params": null, "tokens_non_final": 44, "tokens_reasoning": 0, "tokens_response": 44, "elapsed_seconds": 2.626633644104004, "judgement": "Good approximation"}
{"id": "basket_sum_001351", "topic": "basket_sum", "subtopic": "decimal_prices", "prompt": "You’re buying 5 items: $7.84, $15.52, $18.73, $11.56, $13.11. About how much will you pay (before tax)?", "exact_value": 66.76, "model": "qwen/qwen2.5-3b-instruct", "provider": "transformers", "response": "Final answer: 60", "numeric_answer": 60.0, "relative_error": 0.10125823846614747, "thinking_text": null, "has_tool_call": false, "tool_call": null, "usage": {"prompt_tokens": 193, "completion_tokens": 7, "total_tokens": 200, "token_count_source": "tokenizer"}, "decoding": {"temperature": 0.2, "top_p": null, "top_k": null, "max_tokens": 256, "seed": 42}, "prompt_tokens": 193, "completion_tokens": 7, "total_tokens": 200, "token_count_source": "tokenizer", "diffusion_steps": null, "flops_estimate": null, "flops_arch": null, "flops_model_params": null, "flops_active_params": null, "tokens_non_final": 3, "tokens_reasoning": 0, "tokens_response": 3, "elapsed_seconds": 0.22690463066101074, "judgement": "Good approximation"}
{"id": "basket_sum_001371", "topic": "basket_sum", "subtopic": "decimal_prices", "prompt": "You’re buying 3 items: $1.87, $13.03, $1.99. About how much will you pay (before tax)?", "exact_value": 16.89, "model": "qwen/qwen2.5-3b-instruct", "provider": "transformers", "response": "Final answer: 19\n- Brought the prices to $2, $13, and $2 respectively for easier calculation.\n- Estimated $1.87 as $2 and $1.99 as $2.\n- Thus, the total would be around $6 + $13 + $6 = $25.\n- Rounding up to the nearest 10 gives us $30 as the final answer.", "numeric_answer": 19.0, "relative_error": 0.1249259917110716, "thinking_text": null, "has_tool_call": false, "tool_call": null, "usage": {"prompt_tokens": 178, "completion_tokens": 91, "total_tokens": 269, "token_count_source": "tokenizer"}, "decoding": {"temperature": 0.2, "top_p": null, "top_k": null, "max_tokens": 256, "seed": 42}, "prompt_tokens": 178, "completion_tokens": 91, "total_tokens": 269, "token_count_source": "tokenizer", "diffusion_steps": null, "flops_estimate": null, "flops_arch": null, "flops_model_params": null, "flops_active_params": null, "tokens_non_final": 53, "tokens_reasoning": 0, "tokens_response": 53, "elapsed_seconds": 3.114427089691162, "judgement": "Good approximation"}
{"id": "basket_sum_001391", "topic": "basket_sum", "subtopic": "decimal_prices", "prompt": "You’re buying 5 items: $7.94, $8.05, $12.09, $1.44, $14.25. About how much will you pay (before tax)?", "exact_value": 43.77, "model": "qwen/qwen2.5-3b-instruct", "provider": "transformers", "response": "Final answer: 35", "numeric_answer": 35.0, "relative_error": 0.20036554717843277, "thinking_text": null, "has_tool_call": false, "tool_call": null, "usage": {"prompt_tokens": 191, "completion_tokens": 7, "total_tokens": 198, "token_count_source": "tokenizer"}, "decoding": {"temperature": 0.2, "top_p": null, "top_k": null, "max_tokens": 256, "seed": 42}, "prompt_tokens": 191, "completion_tokens": 7, "total_tokens": 198, "token_count_source": "tokenizer", "diffusion_steps": null, "flops_estimate": null, "flops_arch": null, "flops_model_params": null, "flops_active_params": null, "tokens_non_final": 3, "tokens_reasoning": 0, "tokens_response": 3, "elapsed_seconds": 0.2467646598815918, "judgement": "Mildly off"}
{"id": "basket_sum_001411", "topic": "basket_sum", "subtopic": "decimal_prices", "prompt": "You’re buying 4 items: $6.59, $2.57, $8.16, $4.24. About how much will you pay (before tax)?", "exact_value": 21.56, "model": "qwen/qwen2.5-3b-instruct", "provider": "transformers", "response": "Final answer: 22", "numeric_answer": 22.0, "relative_error": 0.020408163265306183, "thinking_text": null, "has_tool_call": false, "tool_call": null, "usage": {"prompt_tokens": 183, "completion_tokens": 7, "total_tokens": 190, "token_count_source": "tokenizer"}, "decoding": {"temperature": 0.2, "top_p": null, "top_k": null, "max_tokens": 256, "seed": 42}, "prompt_tokens": 183, "completion_tokens": 7, "total_tokens": 190, "token_count_source": "tokenizer", "diffusion_steps": null, "flops_estimate": null, "flops_arch": null, "flops_model_params": null, "flops_active_params": null, "tokens_non_final": 3, "tokens_reasoning": 0, "tokens_response": 3, "elapsed_seconds": 0.24384713172912598, "judgement": "Good approximation"}
{"id": "basket_sum_001431", "topic": "basket_sum", "subtopic": "decimal_prices", "prompt": "You’re buying 4 items: $11.75, $19.89, $12.61, $11.14. About how much will you pay (before tax)?", "exact_value": 55.39, "model": "qwen/qwen2.5-3b-instruct", "provider": "transformers", "response": "Final answer: 39", "numeric_answer": 39.0, "relative_error": 0.2959017873262322, "thinking_text": null, "has_tool_call": false, "tool_call": null, "usage": {"prompt_tokens": 187, "completion_tokens": 7, "total_tokens": 194, "token_count_source": "tokenizer"}, "decoding": {"temperature": 0.2, "top_p": null, "top_k": null, "max_tokens": 256, "seed": 42}, "prompt_tokens": 187, "completion_tokens": 7, "total_tokens": 194, "token_count_source": "tokenizer", "diffusion_steps": null, "flops_estimate": null, "flops_arch": null, "flops_model_params": null, "flops_active_params": null, "tokens_non_final": 3, "tokens_reasoning": 0, "tokens_response": 3, "elapsed_seconds": 0.24433493614196777, "judgement": "Mildly off"}
{"id": "basket_sum_001451", "topic": "basket_sum", "subtopic": "decimal_prices", "prompt": "You’re buying 6 items: $19.50, $8.67, $13.01, $12.67, $3.45, $12.69. About how much will you pay (before tax)?", "exact_value": 69.99, "model": "qwen/qwen2.5-3b-instruct", "provider": "transformers", "response": "Final answer: 60", "numeric_answer": 60.0, "relative_error": 0.14273467638234028, "thinking_text": null, "has_tool_call": false, "tool_call": null, "usage": {"prompt_tokens": 199, "completion_tokens": 7, "total_tokens": 206, "token_count_source": "tokenizer"}, "decoding": {"temperature": 0.2, "top_p": null, "top_k": null, "max_tokens": 256, "seed": 42}, "prompt_tokens": 199, "completion_tokens": 7, "total_tokens": 206, "token_count_source": "tokenizer", "diffusion_steps": null, "flops_estimate": null, "flops_arch": null, "flops_model_params": null, "flops_active_params": null, "tokens_non_final": 3, "tokens_reasoning": 0, "tokens_response": 3, "elapsed_seconds": 0.2395331859588623, "judgement": "Good approximation"}
{"id": "basket_sum_001471", "topic": "basket_sum", "subtopic": "decimal_prices", "prompt": "You’re buying 5 items: $9.92, $9.24, $6.45, $15.07, $14.14. About how much will you pay (before tax)?", "exact_value": 54.82, "model": "qwen/qwen2.5-3b-instruct", "provider": "transformers", "response": "Final answer: 50", "numeric_answer": 50.0, "relative_error": 0.08792411528639184, "thinking_text": null, "has_tool_call": false, "tool_call": null, "usage": {"prompt_tokens": 191, "completion_tokens": 7, "total_tokens": 198, "token_count_source": "tokenizer"}, "decoding": {"temperature": 0.2, "top_p": null, "top_k": null, "max_tokens": 256, "seed": 42}, "prompt_tokens": 191, "completion_tokens": 7, "total_tokens": 198, "token_count_source": "tokenizer", "diffusion_steps": null, "flops_estimate": null, "flops_arch": null, "flops_model_params": null, "flops_active_params": null, "tokens_non_final": 3, "tokens_reasoning": 0, "tokens_response": 3, "elapsed_seconds": 0.23729634284973145, "judgement": "Good approximation"}
{"id": "basket_sum_001491", "topic": "basket_sum", "subtopic": "decimal_prices", "prompt": "You’re buying 6 items: $10.66, $19.06, $6.54, $17.44, $5.57, $6.08. About how much will you pay (before tax)?", "exact_value": 65.35, "model": "qwen/qwen2.5-3b-instruct", "provider": "transformers", "response": "Final answer: 50", "numeric_answer": 50.0, "relative_error": 0.2348890589135424, "thinking_text": null, "has_tool_call": false, "tool_call": null, "usage": {"prompt_tokens": 198, "completion_tokens": 7, "total_tokens": 205, "token_count_source": "tokenizer"}, "decoding": {"temperature": 0.2, "top_p": null, "top_k": null, "max_tokens": 256, "seed": 42}, "prompt_tokens": 198, "completion_tokens": 7, "total_tokens": 205, "token_count_source": "tokenizer", "diffusion_steps": null, "flops_estimate": null, "flops_arch": null, "flops_model_params": null, "flops_active_params": null, "tokens_non_final": 3, "tokens_reasoning": 0, "tokens_response": 3, "elapsed_seconds": 0.23946404457092285, "judgement": "Mildly off"}
{"id": "basket_sum_001511", "topic": "basket_sum", "subtopic": "decimal_prices", "prompt": "You’re buying 3 items: $3.49, $15.57, $17.51. About how much will you pay (before tax)?", "exact_value": 36.57, "model": "qwen/qwen2.5-3b-instruct", "provider": "transformers", "response": "Final answer: 40", "numeric_answer": 40.0, "relative_error": 0.09379272627837024, "thinking_text": null, "has_tool_call": false, "tool_call": null, "usage": {"prompt_tokens": 179, "completion_tokens": 7, "total_tokens": 186, "token_count_source": "tokenizer"}, "decoding": {"temperature": 0.2, "top_p": null, "top_k": null, "max_tokens": 256, "seed": 42}, "prompt_tokens": 179, "completion_tokens": 7, "total_tokens": 186, "token_count_source": "tokenizer", "diffusion_steps": null, "flops_estimate": null, "flops_arch": null, "flops_model_params": null, "flops_active_params": null, "tokens_non_final": 3, "tokens_reasoning": 0, "tokens_response": 3, "elapsed_seconds": 0.24623680114746094, "judgement": "Good approximation"}
{"id": "basket_sum_001531", "topic": "basket_sum", "subtopic": "decimal_prices", "prompt": "You’re buying 3 items: $9.37, $8.45, $4.74. About how much will you pay (before tax)?", "exact_value": 22.56, "model": "qwen/qwen2.5-3b-instruct", "provider": "transformers", "response": "Final answer: 27\n- Rounding the $9.37 to $9 and $4.74 to $5, making the calculation simpler and quicker.", "numeric_answer": 27.0, "relative_error": 0.19680851063829793, "thinking_text": null, "has_tool_call": false, "tool_call": null, "usage": {"prompt_tokens": 177, "completion_tokens": 37, "total_tokens": 214, "token_count_source": "tokenizer"}, "decoding": {"temperature": 0.2, "top_p": null, "top_k": null, "max_tokens": 256, "seed": 42}, "prompt_tokens": 177, "completion_tokens": 37, "total_tokens": 214, "token_count_source": "tokenizer", "diffusion_steps": null, "flops_estimate": null, "flops_arch": null, "flops_model_params": null, "flops_active_params": null, "tokens_non_final": 19, "tokens_reasoning": 0, "tokens_response": 19, "elapsed_seconds": 1.2658331394195557, "judgement": "Good approximation"}
{"id": "basket_sum_001551", "topic": "basket_sum", "subtopic": "decimal_prices", "prompt": "You’re buying 4 items: $3.21, $10.67, $16.25, $3.53. About how much will you pay (before tax)?", "exact_value": 33.66, "model": "qwen/qwen2.5-3b-instruct", "provider": "transformers", "response": "Final answer: 27", "numeric_answer": 27.0, "relative_error": 0.19786096256684485, "thinking_text": null, "has_tool_call": false, "tool_call": null, "usage": {"prompt_tokens": 185, "completion_tokens": 7, "total_tokens": 192, "token_count_source": "tokenizer"}, "decoding": {"temperature": 0.2, "top_p": null, "top_k": null, "max_tokens": 256, "seed": 42}, "prompt_tokens": 185, "completion_tokens": 7, "total_tokens": 192, "token_count_source": "tokenizer", "diffusion_steps": null, "flops_estimate": null, "flops_arch": null, "flops_model_params": null, "flops_active_params": null, "tokens_non_final": 3, "tokens_reasoning": 0, "tokens_response": 3, "elapsed_seconds": 0.24760770797729492, "judgement": "Good approximation"}
{"id": "basket_sum_001571", "topic": "basket_sum", "subtopic": "decimal_prices", "prompt": "You’re buying 3 items: $19.20, $19.01, $6.48. About how much will you pay (before tax)?", "exact_value": 44.69, "model": "qwen/qwen2.5-3b-instruct", "provider": "transformers", "response": "Final answer: 50", "numeric_answer": 50.0, "relative_error": 0.11881852763481769, "thinking_text": null, "has_tool_call": false, "tool_call": null, "usage": {"prompt_tokens": 179, "completion_tokens": 7, "total_tokens": 186, "token_count_source": "tokenizer"}, "decoding": {"temperature": 0.2, "top_p": null, "top_k": null, "max_tokens": 256, "seed": 42}, "prompt_tokens": 179, "completion_tokens": 7, "total_tokens": 186, "token_count_source": "tokenizer", "diffusion_steps": null, "flops_estimate": null, "flops_arch": null, "flops_model_params": null, "flops_active_params": null, "tokens_non_final": 3, "tokens_reasoning": 0, "tokens_response": 3, "elapsed_seconds": 0.23614025115966797, "judgement": "Good approximation"}
{"id": "basket_sum_001591", "topic": "basket_sum", "subtopic": "decimal_prices", "prompt": "You’re buying 3 items: $7.46, $15.92, $17.15. About how much will you pay (before tax)?", "exact_value": 40.53, "model": "qwen/qwen2.5-3b-instruct", "provider": "transformers", "response": "Final answer: 40", "numeric_answer": 40.0, "relative_error": 0.013076733283987198, "thinking_text": null, "has_tool_call": false, "tool_call": null, "usage": {"prompt_tokens": 179, "completion_tokens": 7, "total_tokens": 186, "token_count_source": "tokenizer"}, "decoding": {"temperature": 0.2, "top_p": null, "top_k": null, "max_tokens": 256, "seed": 42}, "prompt_tokens": 179, "completion_tokens": 7, "total_tokens": 186, "token_count_source": "tokenizer", "diffusion_steps": null, "flops_estimate": null, "flops_arch": null, "flops_model_params": null, "flops_active_params": null, "tokens_non_final": 3, "tokens_reasoning": 0, "tokens_response": 3, "elapsed_seconds": 0.24241995811462402, "judgement": "Good approximation"}
{"id": "basket_sum_001611", "topic": "basket_sum", "subtopic": "decimal_prices", "prompt": "You’re buying 5 items: $9.07, $7.79, $18.56, $5.30, $11.17. About how much will you pay (before tax)?", "exact_value": 51.89, "model": "qwen/qwen2.5-3b-instruct", "provider": "transformers", "response": "Final answer: 45", "numeric_answer": 45.0, "relative_error": 0.13278088263634613, "thinking_text": null, "has_tool_call": false, "tool_call": null, "usage": {"prompt_tokens": 191, "completion_tokens": 7, "total_tokens": 198, "token_count_source": "tokenizer"}, "decoding": {"temperature": 0.2, "top_p": null, "top_k": null, "max_tokens": 256, "seed": 42}, "prompt_tokens": 191, "completion_tokens": 7, "total_tokens": 198, "token_count_source": "tokenizer", "diffusion_steps": null, "flops_estimate": null, "flops_arch": null, "flops_model_params": null, "flops_active_params": null, "tokens_non_final": 3, "tokens_reasoning": 0, "tokens_response": 3, "elapsed_seconds": 0.24613165855407715, "judgement": "Good approximation"}
{"id": "basket_sum_001631", "topic": "basket_sum", "subtopic": "decimal_prices", "prompt": "You’re buying 5 items: $1.32, $18.17, $11.61, $17.29, $19.14. About how much will you pay (before tax)?", "exact_value": 67.53, "model": "qwen/qwen2.5-3b-instruct", "provider": "transformers", "response": "Final answer: 60", "numeric_answer": 60.0, "relative_error": 0.111505997334518, "thinking_text": null, "has_tool_call": false, "tool_call": null, "usage": {"prompt_tokens": 193, "completion_tokens": 7, "total_tokens": 200, "token_count_source": "tokenizer"}, "decoding": {"temperature": 0.2, "top_p": null, "top_k": null, "max_tokens": 256, "seed": 42}, "prompt_tokens": 193, "completion_tokens": 7, "total_tokens": 200, "token_count_source": "tokenizer", "diffusion_steps": null, "flops_estimate": null, "flops_arch": null, "flops_model_params": null, "flops_active_params": null, "tokens_non_final": 3, "tokens_reasoning": 0, "tokens_response": 3, "elapsed_seconds": 0.24140191078186035, "judgement": "Good approximation"}
{"id": "basket_sum_001651", "topic": "basket_sum", "subtopic": "decimal_prices", "prompt": "You’re buying 6 items: $4.75, $14.03, $18.54, $0.88, $5.41, $16.41. About how much will you pay (before tax)?", "exact_value": 60.02, "model": "qwen/qwen2.5-3b-instruct", "provider": "transformers", "response": "Final answer: 60", "numeric_answer": 60.0, "relative_error": 0.00033322225924696975, "thinking_text": null, "has_tool_call": false, "tool_call": null, "usage": {"prompt_tokens": 198, "completion_tokens": 7, "total_tokens": 205, "token_count_source": "tokenizer"}, "decoding": {"temperature": 0.2, "top_p": null, "top_k": null, "max_tokens": 256, "seed": 42}, "prompt_tokens": 198, "completion_tokens": 7, "total_tokens": 205, "token_count_source": "tokenizer", "diffusion_steps": null, "flops_estimate": null, "flops_arch": null, "flops_model_params": null, "flops_active_params": null, "tokens_non_final": 3, "tokens_reasoning": 0, "tokens_response": 3, "elapsed_seconds": 0.24361395835876465, "judgement": "Good approximation"}
{"id": "basket_sum_001671", "topic": "basket_sum", "subtopic": "decimal_prices", "prompt": "You’re buying 4 items: $14.69, $6.97, $1.53, $18.10. About how much will you pay (before tax)?", "exact_value": 41.29, "model": "qwen/qwen2.5-3b-instruct", "provider": "transformers", "response": "Final answer: 40", "numeric_answer": 40.0, "relative_error": 0.03124243158149671, "thinking_text": null, "has_tool_call": false, "tool_call": null, "usage": {"prompt_tokens": 185, "completion_tokens": 7, "total_tokens": 192, "token_count_source": "tokenizer"}, "decoding": {"temperature": 0.2, "top_p": null, "top_k": null, "max_tokens": 256, "seed": 42}, "prompt_tokens": 185, "completion_tokens": 7, "total_tokens": 192, "token_count_source": "tokenizer", "diffusion_steps": null, "flops_estimate": null, "flops_arch": null, "flops_model_params": null, "flops_active_params": null, "tokens_non_final": 3, "tokens_reasoning": 0, "tokens_response": 3, "elapsed_seconds": 0.24669647216796875, "judgement": "Good approximation"}
{"id": "basket_sum_001691", "topic": "basket_sum", "subtopic": "decimal_prices", "prompt": "You’re buying 3 items: $7.15, $2.52, $18.68. About how much will you pay (before tax)?", "exact_value": 28.35, "model": "qwen/qwen2.5-3b-instruct", "provider": "transformers", "response": "Final answer: 28", "numeric_answer": 28.0, "relative_error": 0.012345679012345729, "thinking_text": null, "has_tool_call": false, "tool_call": null, "usage": {"prompt_tokens": 178, "completion_tokens": 7, "total_tokens": 185, "token_count_source": "tokenizer"}, "decoding": {"temperature": 0.2, "top_p": null, "top_k": null, "max_tokens": 256, "seed": 42}, "prompt_tokens": 178, "completion_tokens": 7, "total_tokens": 185, "token_count_source": "tokenizer", "diffusion_steps": null, "flops_estimate": null, "flops_arch": null, "flops_model_params": null, "flops_active_params": null, "tokens_non_final": 3, "tokens_reasoning": 0, "tokens_response": 3, "elapsed_seconds": 0.24192380905151367, "judgement": "Good approximation"}
{"id": "basket_sum_001711", "topic": "basket_sum", "subtopic": "decimal_prices", "prompt": "You’re buying 3 items: $16.26, $18.33, $17.33. About how much will you pay (before tax)?", "exact_value": 51.92, "model": "qwen/qwen2.5-3b-instruct", "provider": "transformers", "response": "Final answer: 50\n- Rounding the prices to the nearest 10 for simplicity: $16 -> $16, $18 -> $18, $17 -> $20.\n- Adding them up approximately: $16 + $18 + $20 = $54.\n- The closest 10 multiple is $50, which is our final answer.", "numeric_answer": 50.0, "relative_error": 0.036979969183359045, "thinking_text": null, "has_tool_call": false, "tool_call": null, "usage": {"prompt_tokens": 180, "completion_tokens": 86, "total_tokens": 266, "token_count_source": "tokenizer"}, "decoding": {"temperature": 0.2, "top_p": null, "top_k": null, "max_tokens": 256, "seed": 42}, "prompt_tokens": 180, "completion_tokens": 86, "total_tokens": 266, "token_count_source": "tokenizer", "diffusion_steps": null, "flops_estimate": null, "flops_arch": null, "flops_model_params": null, "flops_active_params": null, "tokens_non_final": 46, "tokens_reasoning": 0, "tokens_response": 46, "elapsed_seconds": 2.9362246990203857, "judgement": "Good approximation"}
{"id": "basket_sum_001731", "topic": "basket_sum", "subtopic": "decimal_prices", "prompt": "You’re buying 6 items: $7.02, $16.08, $18.94, $8.53, $17.47, $9.71. About how much will you pay (before tax)?", "exact_value": 77.75, "model": "qwen/qwen2.5-3b-instruct", "provider": "transformers", "response": "Final answer: 70", "numeric_answer": 70.0, "relative_error": 0.09967845659163987, "thinking_text": null, "has_tool_call": false, "tool_call": null, "usage": {"prompt_tokens": 198, "completion_tokens": 7, "total_tokens": 205, "token_count_source": "tokenizer"}, "decoding": {"temperature": 0.2, "top_p": null, "top_k": null, "max_tokens": 256, "seed": 42}, "prompt_tokens": 198, "completion_tokens": 7, "total_tokens": 205, "token_count_source": "tokenizer", "diffusion_steps": null, "flops_estimate": null, "flops_arch": null, "flops_model_params": null, "flops_active_params": null, "tokens_non_final": 3, "tokens_reasoning": 0, "tokens_response": 3, "elapsed_seconds": 0.25043201446533203, "judgement": "Good approximation"}
{"id": "basket_sum_001751", "topic": "basket_sum", "subtopic": "decimal_prices", "prompt": "You’re buying 5 items: $16.63, $10.06, $3.60, $6.03, $6.93. About how much will you pay (before tax)?", "exact_value": 43.25, "model": "qwen/qwen2.5-3b-instruct", "provider": "transformers", "response": "Final answer: 35", "numeric_answer": 35.0, "relative_error": 0.1907514450867052, "thinking_text": null, "has_tool_call": false, "tool_call": null, "usage": {"prompt_tokens": 191, "completion_tokens": 7, "total_tokens": 198, "token_count_source": "tokenizer"}, "decoding": {"temperature": 0.2, "top_p": null, "top_k": null, "max_tokens": 256, "seed": 42}, "prompt_tokens": 191, "completion_tokens": 7, "total_tokens": 198, "token_count_source": "tokenizer", "diffusion_steps": null, "flops_estimate": null, "flops_arch": null, "flops_model_params": null, "flops_active_params": null, "tokens_non_final": 3, "tokens_reasoning": 0, "tokens_response": 3, "elapsed_seconds": 0.24532341957092285, "judgement": "Good approximation"}
{"id": "basket_sum_001771", "topic": "basket_sum", "subtopic": "decimal_prices", "prompt": "You’re buying 3 items: $10.59, $6.35, $1.24. About how much will you pay (before tax)?", "exact_value": 18.18, "model": "qwen/qwen2.5-3b-instruct", "provider": "transformers", "response": "Final answer: 18", "numeric_answer": 18.0, "relative_error": 0.009900990099009885, "thinking_text": null, "has_tool_call": false, "tool_call": null, "usage": {"prompt_tokens": 178, "completion_tokens": 7, "total_tokens": 185, "token_count_source": "tokenizer"}, "decoding": {"temperature": 0.2, "top_p": null, "top_k": null, "max_tokens": 256, "seed": 42}, "prompt_tokens": 178, "completion_tokens": 7, "total_tokens": 185, "token_count_source": "tokenizer", "diffusion_steps": null, "flops_estimate": null, "flops_arch": null, "flops_model_params": null, "flops_active_params": null, "tokens_non_final": 3, "tokens_reasoning": 0, "tokens_response": 3, "elapsed_seconds": 0.2297375202178955, "judgement": "Good approximation"}
{"id": "basket_sum_001791", "topic": "basket_sum", "subtopic": "decimal_prices", "prompt": "You’re buying 6 items: $4.14, $2.95, $14.71, $9.53, $17.81, $14.13. About how much will you pay (before tax)?", "exact_value": 63.27, "model": "qwen/qwen2.5-3b-instruct", "provider": "transformers", "response": "Final answer: 60", "numeric_answer": 60.0, "relative_error": 0.05168326220957804, "thinking_text": null, "has_tool_call": false, "tool_call": null, "usage": {"prompt_tokens": 198, "completion_tokens": 7, "total_tokens": 205, "token_count_source": "tokenizer"}, "decoding": {"temperature": 0.2, "top_p": null, "top_k": null, "max_tokens": 256, "seed": 42}, "prompt_tokens": 198, "completion_tokens": 7, "total_tokens": 205, "token_count_source": "tokenizer", "diffusion_steps": null, "flops_estimate": null, "flops_arch": null, "flops_model_params": null, "flops_active_params": null, "tokens_non_final": 3, "tokens_reasoning": 0, "tokens_response": 3, "elapsed_seconds": 0.24119281768798828, "judgement": "Good approximation"}
{"id": "basket_sum_001811", "topic": "basket_sum", "subtopic": "decimal_prices", "prompt": "You’re buying 3 items: $10.30, $18.37, $14.13. About how much will you pay (before tax)?", "exact_value": 42.8, "model": "qwen/qwen2.5-3b-instruct", "provider": "transformers", "response": "Final answer: 47", "numeric_answer": 47.0, "relative_error": 0.0981308411214954, "thinking_text": null, "has_tool_call": false, "tool_call": null, "usage": {"prompt_tokens": 180, "completion_tokens": 7, "total_tokens": 187, "token_count_source": "tokenizer"}, "decoding": {"temperature": 0.2, "top_p": null, "top_k": null, "max_tokens": 256, "seed": 42}, "prompt_tokens": 180, "completion_tokens": 7, "total_tokens": 187, "token_count_source": "tokenizer", "diffusion_steps": null, "flops_estimate": null, "flops_arch": null, "flops_model_params": null, "flops_active_params": null, "tokens_non_final": 3, "tokens_reasoning": 0, "tokens_response": 3, "elapsed_seconds": 0.24738717079162598, "judgement": "Good approximation"}
{"id": "basket_sum_001831", "topic": "basket_sum", "subtopic": "decimal_prices", "prompt": "You’re buying 3 items: $9.20, $7.83, $14.21. About how much will you pay (before tax)?", "exact_value": 31.24, "model": "qwen/qwen2.5-3b-instruct", "provider": "transformers", "response": "Final answer: 31", "numeric_answer": 31.0, "relative_error": 0.007682458386683689, "thinking_text": null, "has_tool_call": false, "tool_call": null, "usage": {"prompt_tokens": 178, "completion_tokens": 7, "total_tokens": 185, "token_count_source": "tokenizer"}, "decoding": {"temperature": 0.2, "top_p": null, "top_k": null, "max_tokens": 256, "seed": 42}, "prompt_tokens": 178, "completion_tokens": 7, "total_tokens": 185, "token_count_source": "tokenizer", "diffusion_steps": null, "flops_estimate": null, "flops_arch": null, "flops_model_params": null, "flops_active_params": null, "tokens_non_final": 3, "tokens_reasoning": 0, "tokens_response": 3, "elapsed_seconds": 0.23707842826843262, "judgement": "Good approximation"}
{"id": "basket_sum_001851", "topic": "basket_sum", "subtopic": "decimal_prices", "prompt": "You’re buying 5 items: $6.62, $11.07, $7.07, $6.71, $19.00. About how much will you pay (before tax)?", "exact_value": 50.47, "model": "qwen/qwen2.5-3b-instruct", "provider": "transformers", "response": "Final answer: 30", "numeric_answer": 30.0, "relative_error": 0.4055874777095304, "thinking_text": null, "has_tool_call": false, "tool_call": null, "usage": {"prompt_tokens": 191, "completion_tokens": 7, "total_tokens": 198, "token_count_source": "tokenizer"}, "decoding": {"temperature": 0.2, "top_p": null, "top_k": null, "max_tokens": 256, "seed": 42}, "prompt_tokens": 191, "completion_tokens": 7, "total_tokens": 198, "token_count_source": "tokenizer", "diffusion_steps": null, "flops_estimate": null, "flops_arch": null, "flops_model_params": null, "flops_active_params": null, "tokens_non_final": 3, "tokens_reasoning": 0, "tokens_response": 3, "elapsed_seconds": 0.24931001663208008, "judgement": "Mildly off"}
{"id": "basket_sum_001871", "topic": "basket_sum", "subtopic": "decimal_prices", "prompt": "You’re buying 5 items: $6.25, $5.41, $5.02, $12.38, $15.22. About how much will you pay (before tax)?", "exact_value": 44.28, "model": "qwen/qwen2.5-3b-instruct", "provider": "transformers", "response": "Final answer: 45", "numeric_answer": 45.0, "relative_error": 0.01626016260162599, "thinking_text": null, "has_tool_call": false, "tool_call": null, "usage": {"prompt_tokens": 191, "completion_tokens": 7, "total_tokens": 198, "token_count_source": "tokenizer"}, "decoding": {"temperature": 0.2, "top_p": null, "top_k": null, "max_tokens": 256, "seed": 42}, "prompt_tokens": 191, "completion_tokens": 7, "total_tokens": 198, "token_count_source": "tokenizer", "diffusion_steps": null, "flops_estimate": null, "flops_arch": null, "flops_model_params": null, "flops_active_params": null, "tokens_non_final": 3, "tokens_reasoning": 0, "tokens_response": 3, "elapsed_seconds": 0.24063634872436523, "judgement": "Good approximation"}
{"id": "discounts_000183", "topic": "discounts", "subtopic": "buy_n_get_m", "prompt": "Buy 4 get 1 free on items priced $5.05 each. You take 6 total. About how much do you pay?", "exact_value": 25.25, "model": "qwen/qwen2.5-3b-instruct", "provider": "transformers", "response": "Final answer: 2", "numeric_answer": 2.0, "relative_error": 0.9207920792079208, "thinking_text": null, "has_tool_call": false, "tool_call": null, "usage": {"prompt_tokens": 172, "completion_tokens": 6, "total_tokens": 178, "token_count_source": "tokenizer"}, "decoding": {"temperature": 0.2, "top_p": null, "top_k": null, "max_tokens": 256, "seed": 42}, "prompt_tokens": 172, "completion_tokens": 6, "total_tokens": 178, "token_count_source": "tokenizer", "diffusion_steps": null, "flops_estimate": null, "flops_arch": null, "flops_model_params": null, "flops_active_params": null, "tokens_non_final": 3, "tokens_reasoning": 0, "tokens_response": 3, "elapsed_seconds": 0.21158862113952637, "judgement": "Way off"}
{"id": "discounts_000203", "topic": "discounts", "subtopic": "threshold", "prompt": "Threshold coupon applies: $5 off $30+ spend. Cart: $27.77, $19.83, $30.00, $13.61. About how much do you pay?", "exact_value": 86.21, "model": "qwen/qwen2.5-3b-instruct", "provider": "transformers", "response": "Final answer: 25", "numeric_answer": 25.0, "relative_error": 0.7100104396241735, "thinking_text": null, "has_tool_call": false, "tool_call": null, "usage": {"prompt_tokens": 192, "completion_tokens": 7, "total_tokens": 199, "token_count_source": "tokenizer"}, "decoding": {"temperature": 0.2, "top_p": null, "top_k": null, "max_tokens": 256, "seed": 42}, "prompt_tokens": 192, "completion_tokens": 7, "total_tokens": 199, "token_count_source": "tokenizer", "diffusion_steps": null, "flops_estimate": null, "flops_arch": null, "flops_model_params": null, "flops_active_params": null, "tokens_non_final": 3, "tokens_reasoning": 0, "tokens_response": 3, "elapsed_seconds": 0.2460920810699463, "judgement": "Way off"}
{"id": "discounts_000223", "topic": "discounts", "subtopic": "threshold", "prompt": "Threshold coupon applies: $5 off $40+ spend. Cart: $7.86, $25.35, $26.15, $22.93, $33.93. About how much do you pay?", "exact_value": 111.22, "model": "qwen/qwen2.5-3b-instruct", "provider": "transformers", "response": "Final answer: 3", "numeric_answer": 3.0, "relative_error": 0.9730264340945873, "thinking_text": null, "has_tool_call": false, "tool_call": null, "usage": {"prompt_tokens": 198, "completion_tokens": 6, "total_tokens": 204, "token_count_source": "tokenizer"}, "decoding": {"temperature": 0.2, "top_p": null, "top_k": null, "max_tokens": 256, "seed": 42}, "prompt_tokens": 198, "completion_tokens": 6, "total_tokens": 204, "token_count_source": "tokenizer", "diffusion_steps": null, "flops_estimate": null, "flops_arch": null, "flops_model_params": null, "flops_active_params": null, "tokens_non_final": 3, "tokens_reasoning": 0, "tokens_response": 3, "elapsed_seconds": 0.21416878700256348, "judgement": "Way off"}
{"id": "discounts_000243", "topic": "discounts", "subtopic": "percent", "prompt": "Cart: $41.98, $22.60, $24.78, $44.56, $29.87. A 20% discount applies to everything. About how much do you pay?", "exact_value": 131.03, "model": "qwen/qwen2.5-3b-instruct", "provider": "transformers", "response": "Final answer: 13", "numeric_answer": 13.0, "relative_error": 0.9007860795237732, "thinking_text": null, "has_tool_call": false, "tool_call": null, "usage": {"prompt_tokens": 196, "completion_tokens": 7, "total_tokens": 203, "token_count_source": "tokenizer"}, "decoding": {"temperature": 0.2, "top_p": null, "top_k": null, "max_tokens": 256, "seed": 42}, "prompt_tokens": 196, "completion_tokens": 7, "total_tokens": 203, "token_count_source": "tokenizer", "diffusion_steps": null, "flops_estimate": null, "flops_arch": null, "flops_model_params": null, "flops_active_params": null, "tokens_non_final": 3, "tokens_reasoning": 0, "tokens_response": 3, "elapsed_seconds": 0.24113893508911133, "judgement": "Way off"}
{"id": "discounts_000263", "topic": "discounts", "subtopic": "stacked", "prompt": "Stacked deal: 20% off, then $10 coupon if you spend $50 or more. Cart: $24.93, $20.51, $23.47. About how much do you pay?", "exact_value": 45.13, "model": "qwen/qwen2.5-3b-instruct", "provider": "transformers", "response": "Final answer: 48", "numeric_answer": 48.0, "relative_error": 0.06359406159982267, "thinking_text": null, "has_tool_call": false, "tool_call": null, "usage": {"prompt_tokens": 196, "completion_tokens": 7, "total_tokens": 203, "token_count_source": "tokenizer"}, "decoding": {"temperature": 0.2, "top_p": null, "top_k": null, "max_tokens": 256, "seed": 42}, "prompt_tokens": 196, "completion_tokens": 7, "total_tokens": 203, "token_count_source": "tokenizer", "diffusion_steps": null, "flops_estimate": null, "flops_arch": null, "flops_model_params": null, "flops_active_params": null, "tokens_non_final": 3, "tokens_reasoning": 0, "tokens_response": 3, "elapsed_seconds": 0.24854397773742676, "judgement": "Good approximation"}
{"id": "discounts_000283", "topic": "discounts", "subtopic": "threshold", "prompt": "Threshold coupon applies: $15 off $30+ spend. Cart: $27.33, $21.91, $39.19, $18.59. About how much do you pay?", "exact_value": 92.02, "model": "qwen/qwen2.5-3b-instruct", "provider": "transformers", "response": "Final answer: 6", "numeric_answer": 6.0, "relative_error": 0.9347967833079766, "thinking_text": null, "has_tool_call": false, "tool_call": null, "usage": {"prompt_tokens": 193, "completion_tokens": 6, "total_tokens": 199, "token_count_source": "tokenizer"}, "decoding": {"temperature": 0.2, "top_p": null, "top_k": null, "max_tokens": 256, "seed": 42}, "prompt_tokens": 193, "completion_tokens": 6, "total_tokens": 199, "token_count_source": "tokenizer", "diffusion_steps": null, "flops_estimate": null, "flops_arch": null, "flops_model_params": null, "flops_active_params": null, "tokens_non_final": 3, "tokens_reasoning": 0, "tokens_response": 3, "elapsed_seconds": 0.20856976509094238, "judgement": "Way off"}
{"id": "discounts_000303", "topic": "discounts", "subtopic": "threshold", "prompt": "Threshold coupon applies: $10 off $40+ spend. Cart: $36.04, $15.68, $34.87. About how much do you pay?", "exact_value": 76.59, "model": "qwen/qwen2.5-3b-instruct", "provider": "transformers", "response": "Final answer: 25", "numeric_answer": 25.0, "relative_error": 0.6735866301083693, "thinking_text": null, "has_tool_call": false, "tool_call": null, "usage": {"prompt_tokens": 186, "completion_tokens": 7, "total_tokens": 193, "token_count_source": "tokenizer"}, "decoding": {"temperature": 0.2, "top_p": null, "top_k": null, "max_tokens": 256, "seed": 42}, "prompt_tokens": 186, "completion_tokens": 7, "total_tokens": 193, "token_count_source": "tokenizer", "diffusion_steps": null, "flops_estimate": null, "flops_arch": null, "flops_model_params": null, "flops_active_params": null, "tokens_non_final": 3, "tokens_reasoning": 0, "tokens_response": 3, "elapsed_seconds": 0.23464298248291016, "judgement": "Way off"}
{"id": "discounts_000323", "topic": "discounts", "subtopic": "stacked", "prompt": "Stacked deal: 20% off, then $5 coupon if you spend $50 or more. Cart: $37.30, $35.35, $7.26, $28.69, $36.32, $11.49. About how much do you pay?", "exact_value": 120.13, "model": "qwen/qwen2.5-3b-instruct", "provider": "transformers", "response": "Final answer: 8", "numeric_answer": 8.0, "relative_error": 0.9334054773994839, "thinking_text": null, "has_tool_call": false, "tool_call": null, "usage": {"prompt_tokens": 215, "completion_tokens": 6, "total_tokens": 221, "token_count_source": "tokenizer"}, "decoding": {"temperature": 0.2, "top_p": null, "top_k": null, "max_tokens": 256, "seed": 42}, "prompt_tokens": 215, "completion_tokens": 6, "total_tokens": 221, "token_count_source": "tokenizer", "diffusion_steps": null, "flops_estimate": null, "flops_arch": null, "flops_model_params": null, "flops_active_params": null, "tokens_non_final": 3, "tokens_reasoning": 0, "tokens_response": 3, "elapsed_seconds": 0.21115612983703613, "judgement": "Way off"}
{"id": "discounts_000343", "topic": "discounts", "subtopic": "threshold", "prompt": "Threshold coupon applies: $5 off $30+ spend. Cart: $26.24, $32.30, $4.60, $26.47, $26.89. About how much do you pay?", "exact_value": 111.5, "model": "qwen/qwen2.5-3b-instruct", "provider": "transformers", "response": "Final answer: 15", "numeric_answer": 15.0, "relative_error": 0.8654708520179372, "thinking_text": null, "has_tool_call": false, "tool_call": null, "usage": {"prompt_tokens": 198, "completion_tokens": 7, "total_tokens": 205, "token_count_source": "tokenizer"}, "decoding": {"temperature": 0.2, "top_p": null, "top_k": null, "max_tokens": 256, "seed": 42}, "prompt_tokens": 198, "completion_tokens": 7, "total_tokens": 205, "token_count_source": "tokenizer", "diffusion_steps": null, "flops_estimate": null, "flops_arch": null, "flops_model_params": null, "flops_active_params": null, "tokens_non_final": 3, "tokens_reasoning": 0, "tokens_response": 3, "elapsed_seconds": 0.24569940567016602, "judgement": "Way off"}
{"id": "discounts_000363", "topic": "discounts", "subtopic": "threshold", "prompt": "Threshold coupon applies: $10 off $25+ spend. Cart: $8.84, $27.18, $39.97. About how much do you pay?", "exact_value": 65.99, "model": "qwen/qwen2.5-3b-instruct", "provider": "transformers", "response": "Final answer: 30", "numeric_answer": 30.0, "relative_error": 0.5453856644946203, "thinking_text": null, "has_tool_call": false, "tool_call": null, "usage": {"prompt_tokens": 185, "completion_tokens": 7, "total_tokens": 192, "token_count_source": "tokenizer"}, "decoding": {"temperature": 0.2, "top_p": null, "top_k": null, "max_tokens": 256, "seed": 42}, "prompt_tokens": 185, "completion_tokens": 7, "total_tokens": 192, "token_count_source": "tokenizer", "diffusion_steps": null, "flops_estimate": null, "flops_arch": null, "flops_model_params": null, "flops_active_params": null, "tokens_non_final": 3, "tokens_reasoning": 0, "tokens_response": 3, "elapsed_seconds": 0.24243664741516113, "judgement": "Mildly off"}
{"id": "discounts_000383", "topic": "discounts", "subtopic": "stacked", "prompt": "Stacked deal: 15% off, then $5 coupon if you spend $40 or more. Cart: $32.36, $39.44, $31.86. About how much do you pay?", "exact_value": 83.11, "model": "qwen/qwen2.5-3b-instruct", "provider": "transformers", "response": "Final answer: 7", "numeric_answer": 7.0, "relative_error": 0.9157742750571531, "thinking_text": null, "has_tool_call": false, "tool_call": null, "usage": {"prompt_tokens": 195, "completion_tokens": 6, "total_tokens": 201, "token_count_source": "tokenizer"}, "decoding": {"temperature": 0.2, "top_p": null, "top_k": null, "max_tokens": 256, "seed": 42}, "prompt_tokens": 195, "completion_tokens": 6, "total_tokens": 201, "token_count_source": "tokenizer", "diffusion_steps": null, "flops_estimate": null, "flops_arch": null, "flops_model_params": null, "flops_active_params": null, "tokens_non_final": 3, "tokens_reasoning": 0, "tokens_response": 3, "elapsed_seconds": 0.22002243995666504, "judgement": "Way off"}
{"id": "discounts_000403", "topic": "discounts", "subtopic": "buy_n_get_m", "prompt": "Buy 4 get 3 free on items priced $7.01 each. You take 7 total. About how much do you pay?", "exact_value": 28.04, "model": "qwen/qwen2.5-3b-instruct", "provider": "transformers", "response": "Final answer: 2", "numeric_answer": 2.0, "relative_error": 0.9286733238231099, "thinking_text": null, "has_tool_call": false, "tool_call": null, "usage": {"prompt_tokens": 172, "completion_tokens": 6, "total_tokens": 178, "token_count_source": "tokenizer"}, "decoding": {"temperature": 0.2, "top_p": null, "top_k": null, "max_tokens": 256, "seed": 42}, "prompt_tokens": 172, "completion_tokens": 6, "total_tokens": 178, "token_count_source": "tokenizer", "diffusion_steps": null, "flops_estimate": null, "flops_arch": null, "flops_model_params": null, "flops_active_params": null, "tokens_non_final": 3, "tokens_reasoning": 0, "tokens_response": 3, "elapsed_seconds": 0.21330761909484863, "judgement": "Way off"}
{"id": "discounts_000423", "topic": "discounts", "subtopic": "threshold", "prompt": "Threshold coupon applies: $15 off $50+ spend. Cart: $37.39, $36.57. About how much do you pay?", "exact_value": 58.96, "model": "qwen/qwen2.5-3b-instruct", "provider": "transformers", "response": "Final answer: 7", "numeric_answer": 7.0, "relative_error": 0.8812754409769336, "thinking_text": null, "has_tool_call": false, "tool_call": null, "usage": {"prompt_tokens": 179, "completion_tokens": 6, "total_tokens": 185, "token_count_source": "tokenizer"}, "decoding": {"temperature": 0.2, "top_p": null, "top_k": null, "max_tokens": 256, "seed": 42}, "prompt_tokens": 179, "completion_tokens": 6, "total_tokens": 185, "token_count_source": "tokenizer", "diffusion_steps": null, "flops_estimate": null, "flops_arch": null, "flops_model_params": null, "flops_active_params": null, "tokens_non_final": 3, "tokens_reasoning": 0, "tokens_response": 3, "elapsed_seconds": 0.21974802017211914, "judgement": "Way off"}
{"id": "discounts_000443", "topic": "discounts", "subtopic": "threshold", "prompt": "Threshold coupon applies: $10 off $40+ spend. Cart: $11.05, $31.68, $27.63, $4.93, $26.15. About how much do you pay?", "exact_value": 91.44, "model": "qwen/qwen2.5-3b-instruct", "provider": "transformers", "response": "Final answer: -10", "numeric_answer": -10.0, "relative_error": 1.1093613298337708, "thinking_text": null, "has_tool_call": false, "tool_call": null, "usage": {"prompt_tokens": 199, "completion_tokens": 7, "total_tokens": 206, "token_count_source": "tokenizer"}, "decoding": {"temperature": 0.2, "top_p": null, "top_k": null, "max_tokens": 256, "seed": 42}, "prompt_tokens": 199, "completion_tokens": 7, "total_tokens": 206, "token_count_source": "tokenizer", "diffusion_steps": null, "flops_estimate": null, "flops_arch": null, "flops_model_params": null, "flops_active_params": null, "tokens_non_final": 3, "tokens_reasoning": 0, "tokens_response": 3, "elapsed_seconds": 0.256394624710083, "judgement": "Way off"}
{"id": "discounts_000463", "topic": "discounts", "subtopic": "threshold", "prompt": "Threshold coupon applies: $5 off $30+ spend. Cart: $7.17, $14.56, $7.86, $33.78. About how much do you pay?", "exact_value": 58.37, "model": "qwen/qwen2.5-3b-instruct", "provider": "transformers", "response": "Final answer: 30", "numeric_answer": 30.0, "relative_error": 0.4860373479527154, "thinking_text": null, "has_tool_call": false, "tool_call": null, "usage": {"prompt_tokens": 190, "completion_tokens": 7, "total_tokens": 197, "token_count_source": "tokenizer"}, "decoding": {"temperature": 0.2, "top_p": null, "top_k": null, "max_tokens": 256, "seed": 42}, "prompt_tokens": 190, "completion_tokens": 7, "total_tokens": 197, "token_count_source": "tokenizer", "diffusion_steps": null, "flops_estimate": null, "flops_arch": null, "flops_model_params": null, "flops_active_params": null, "tokens_non_final": 3, "tokens_reasoning": 0, "tokens_response": 3, "elapsed_seconds": 0.24422955513000488, "judgement": "Mildly off"}
{"id": "discounts_000483", "topic": "discounts", "subtopic": "buy_n_get_m", "prompt": "Buy 3 get 3 free on items priced $2.85 each. You take 7 total. About how much do you pay?", "exact_value": 11.4, "model": "qwen/qwen2.5-3b-instruct", "provider": "transformers", "response": "Final answer: 12", "numeric_answer": 12.0, "relative_error": 0.05263157894736839, "thinking_text": null, "has_tool_call": false, "tool_call": null, "usage": {"prompt_tokens": 172, "completion_tokens": 7, "total_tokens": 179, "token_count_source": "tokenizer"}, "decoding": {"temperature": 0.2, "top_p": null, "top_k": null, "max_tokens": 256, "seed": 42}, "prompt_tokens": 172, "completion_tokens": 7, "total_tokens": 179, "token_count_source": "tokenizer", "diffusion_steps": null, "flops_estimate": null, "flops_arch": null, "flops_model_params": null, "flops_active_params": null, "tokens_non_final": 3, "tokens_reasoning": 0, "tokens_response": 3, "elapsed_seconds": 0.24106836318969727, "judgement": "Good approximation"}
{"id": "discounts_000503", "topic": "discounts", "subtopic": "stacked", "prompt": "Stacked deal: 20% off, then $5 coupon if you spend $30 or more. Cart: $29.58, $10.92, $29.18, $33.24, $8.11, $38.19. About how much do you pay?", "exact_value": 114.38, "model": "qwen/qwen2.5-3b-instruct", "provider": "transformers", "response": "Final answer: 10", "numeric_answer": 10.0, "relative_error": 0.9125721279944046, "thinking_text": null, "has_tool_call": false, "tool_call": null, "usage": {"prompt_tokens": 215, "completion_tokens": 7, "total_tokens": 222, "token_count_source": "tokenizer"}, "decoding": {"temperature": 0.2, "top_p": null, "top_k": null, "max_tokens": 256, "seed": 42}, "prompt_tokens": 215, "completion_tokens": 7, "total_tokens": 222, "token_count_source": "tokenizer", "diffusion_steps": null, "flops_estimate": null, "flops_arch": null, "flops_model_params": null, "flops_active_params": null, "tokens_non_final": 3, "tokens_reasoning": 0, "tokens_response": 3, "elapsed_seconds": 0.24373888969421387, "judgement": "Way off"}
{"id": "discounts_000523", "topic": "discounts", "subtopic": "bogo", "prompt": "BOGO sale (buy one, get one free; free item is the cheaper one in each pair). Items: $21.23, $17.95, $15.39, $10.11, $8.23, $4.52. About how much do you pay?", "exact_value": 44.85, "model": "qwen/qwen2.5-3b-instruct", "provider": "transformers", "response": "Final answer: 6", "numeric_answer": 6.0, "relative_error": 0.8662207357859532, "thinking_text": null, "has_tool_call": false, "tool_call": null, "usage": {"prompt_tokens": 212, "completion_tokens": 6, "total_tokens": 218, "token_count_source": "tokenizer"}, "decoding": {"temperature": 0.2, "top_p": null, "top_k": null, "max_tokens": 256, "seed": 42}, "prompt_tokens": 212, "completion_tokens": 6, "total_tokens": 218, "token_count_source": "tokenizer", "diffusion_steps": null, "flops_estimate": null, "flops_arch": null, "flops_model_params": null, "flops_active_params": null, "tokens_non_final": 3, "tokens_reasoning": 0, "tokens_response": 3, "elapsed_seconds": 0.21601080894470215, "judgement": "Way off"}
{"id": "discounts_000543", "topic": "discounts", "subtopic": "percent", "prompt": "Cart: $30.85, $43.81, $8.07. A 20% discount applies to everything. About how much do you pay?", "exact_value": 66.18, "model": "qwen/qwen2.5-3b-instruct", "provider": "transformers", "response": "Final answer: 9", "numeric_answer": 9.0, "relative_error": 0.8640072529465095, "thinking_text": null, "has_tool_call": false, "tool_call": null, "usage": {"prompt_tokens": 181, "completion_tokens": 6, "total_tokens": 187, "token_count_source": "tokenizer"}, "decoding": {"temperature": 0.2, "top_p": null, "top_k": null, "max_tokens": 256, "seed": 42}, "prompt_tokens": 181, "completion_tokens": 6, "total_tokens": 187, "token_count_source": "tokenizer", "diffusion_steps": null, "flops_estimate": null, "flops_arch": null, "flops_model_params": null, "flops_active_params": null, "tokens_non_final": 3, "tokens_reasoning": 0, "tokens_response": 3, "elapsed_seconds": 0.24024748802185059, "judgement": "Way off"}
{"id": "discounts_000563", "topic": "discounts", "subtopic": "threshold", "prompt": "Threshold coupon applies: $5 off $30+ spend. Cart: $4.94, $20.81, $22.55. About how much do you pay?", "exact_value": 43.3, "model": "qwen/qwen2.5-3b-instruct", "provider": "transformers", "response": "Final answer: 30", "numeric_answer": 30.0, "relative_error": 0.30715935334872974, "thinking_text": null, "has_tool_call": false, "tool_call": null, "usage": {"prompt_tokens": 184, "completion_tokens": 7, "total_tokens": 191, "token_count_source": "tokenizer"}, "decoding": {"temperature": 0.2, "top_p": null, "top_k": null, "max_tokens": 256, "seed": 42}, "prompt_tokens": 184, "completion_tokens": 7, "total_tokens": 191, "token_count_source": "tokenizer", "diffusion_steps": null, "flops_estimate": null, "flops_arch": null, "flops_model_params": null, "flops_active_params": null, "tokens_non_final": 3, "tokens_reasoning": 0, "tokens_response": 3, "elapsed_seconds": 0.2526259422302246, "judgement": "Mildly off"}
{"id": "discounts_000583", "topic": "discounts", "subtopic": "buy_n_get_m", "prompt": "Buy 5 get 3 free on items priced $4.97 each. You take 16 total. About how much do you pay?", "exact_value": 49.7, "model": "qwen/qwen2.5-3b-instruct", "provider": "transformers", "response": "Final answer: 2", "numeric_answer": 2.0, "relative_error": 0.959758551307847, "thinking_text": null, "has_tool_call": false, "tool_call": null, "usage": {"prompt_tokens": 173, "completion_tokens": 6, "total_tokens": 179, "token_count_source": "tokenizer"}, "decoding": {"temperature": 0.2, "top_p": null, "top_k": null, "max_tokens": 256, "seed": 42}, "prompt_tokens": 173, "completion_tokens": 6, "total_tokens": 179, "token_count_source": "tokenizer", "diffusion_steps": null, "flops_estimate": null, "flops_arch": null, "flops_model_params": null, "flops_active_params": null, "tokens_non_final": 3, "tokens_reasoning": 0, "tokens_response": 3, "elapsed_seconds": 0.21469640731811523, "judgement": "Way off"}
{"id": "discounts_000603", "topic": "discounts", "subtopic": "bogo", "prompt": "BOGO sale (buy one, get one free; free item is the cheaper one in each pair). Items: $18.16, $13.58, $11.14, $8.88, $4.45. About how much do you pay?", "exact_value": 33.75, "model": "qwen/qwen2.5-3b-instruct", "provider": "transformers", "response": "Final answer: 4", "numeric_answer": 4.0, "relative_error": 0.8814814814814815, "thinking_text": null, "has_tool_call": false, "tool_call": null, "usage": {"prompt_tokens": 205, "completion_tokens": 6, "total_tokens": 211, "token_count_source": "tokenizer"}, "decoding": {"temperature": 0.2, "top_p": null, "top_k": null, "max_tokens": 256, "seed": 42}, "prompt_tokens": 205, "completion_tokens": 6, "total_tokens": 211, "token_count_source": "tokenizer", "diffusion_steps": null, "flops_estimate": null, "flops_arch": null, "flops_model_params": null, "flops_active_params": null, "tokens_non_final": 3, "tokens_reasoning": 0, "tokens_response": 3, "elapsed_seconds": 0.21926522254943848, "judgement": "Way off"}
{"id": "discounts_000623", "topic": "discounts", "subtopic": "bogo", "prompt": "BOGO sale (buy one, get one free; free item is the cheaper one in each pair). Items: $21.85, $18.63, $17.86, $11.60, $9.53. About how much do you pay?", "exact_value": 49.24, "model": "qwen/qwen2.5-3b-instruct", "provider": "transformers", "response": "Final answer: 5", "numeric_answer": 5.0, "relative_error": 0.8984565393988627, "thinking_text": null, "has_tool_call": false, "tool_call": null, "usage": {"prompt_tokens": 206, "completion_tokens": 6, "total_tokens": 212, "token_count_source": "tokenizer"}, "decoding": {"temperature": 0.2, "top_p": null, "top_k": null, "max_tokens": 256, "seed": 42}, "prompt_tokens": 206, "completion_tokens": 6, "total_tokens": 212, "token_count_source": "tokenizer", "diffusion_steps": null, "flops_estimate": null, "flops_arch": null, "flops_model_params": null, "flops_active_params": null, "tokens_non_final": 3, "tokens_reasoning": 0, "tokens_response": 3, "elapsed_seconds": 0.2023770809173584, "judgement": "Way off"}
{"id": "discounts_000643", "topic": "discounts", "subtopic": "buy_n_get_m", "prompt": "Buy 5 get 1 free on items priced $4.62 each. You take 12 total. About how much do you pay?", "exact_value": 46.2, "model": "qwen/qwen2.5-3b-instruct", "provider": "transformers", "response": "Final answer: 22", "numeric_answer": 22.0, "relative_error": 0.5238095238095238, "thinking_text": null, "has_tool_call": false, "tool_call": null, "usage": {"prompt_tokens": 173, "completion_tokens": 7, "total_tokens": 180, "token_count_source": "tokenizer"}, "decoding": {"temperature": 0.2, "top_p": null, "top_k": null, "max_tokens": 256, "seed": 42}, "prompt_tokens": 173, "completion_tokens": 7, "total_tokens": 180, "token_count_source": "tokenizer", "diffusion_steps": null, "flops_estimate": null, "flops_arch": null, "flops_model_params": null, "flops_active_params": null, "tokens_non_final": 3, "tokens_reasoning": 0, "tokens_response": 3, "elapsed_seconds": 0.2442314624786377, "judgement": "Mildly off"}
{"id": "discounts_000663", "topic": "discounts", "subtopic": "stacked", "prompt": "Stacked deal: 15% off, then $5 coupon if you spend $50 or more. Cart: $16.58, $23.77, $10.19. About how much do you pay?", "exact_value": 42.96, "model": "qwen/qwen2.5-3b-instruct", "provider": "transformers", "response": "Final answer: 4", "numeric_answer": 4.0, "relative_error": 0.9068901303538175, "thinking_text": null, "has_tool_call": false, "tool_call": null, "usage": {"prompt_tokens": 195, "completion_tokens": 6, "total_tokens": 201, "token_count_source": "tokenizer"}, "decoding": {"temperature": 0.2, "top_p": null, "top_k": null, "max_tokens": 256, "seed": 42}, "prompt_tokens": 195, "completion_tokens": 6, "total_tokens": 201, "token_count_source": "tokenizer", "diffusion_steps": null, "flops_estimate": null, "flops_arch": null, "flops_model_params": null, "flops_active_params": null, "tokens_non_final": 3, "tokens_reasoning": 0, "tokens_response": 3, "elapsed_seconds": 0.20788335800170898, "judgement": "Way off"}
{"id": "discounts_000683", "topic": "discounts", "subtopic": "percent", "prompt": "Cart: $27.44, $47.42, $41.38, $11.58, $35.37. A 25% discount applies to everything. About how much do you pay?", "exact_value": 122.39, "model": "qwen/qwen2.5-3b-instruct", "provider": "transformers", "response": "Final answer: 129", "numeric_answer": 129.0, "relative_error": 0.05400768036604297, "thinking_text": null, "has_tool_call": false, "tool_call": null, "usage": {"prompt_tokens": 196, "completion_tokens": 8, "total_tokens": 204, "token_count_source": "tokenizer"}, "decoding": {"temperature": 0.2, "top_p": null, "top_k": null, "max_tokens": 256, "seed": 42}, "prompt_tokens": 196, "completion_tokens": 8, "total_tokens": 204, "token_count_source": "tokenizer", "diffusion_steps": null, "flops_estimate": null, "flops_arch": null, "flops_model_params": null, "flops_active_params": null, "tokens_non_final": 3, "tokens_reasoning": 0, "tokens_response": 3, "elapsed_seconds": 0.27773404121398926, "judgement": "Good approximation"}
{"id": "discounts_000703", "topic": "discounts", "subtopic": "percent", "prompt": "Cart: $19.91, $32.12, $19.55, $20.11, $21.65. A 15% discount applies to everything. About how much do you pay?", "exact_value": 96.34, "model": "qwen/qwen2.5-3b-instruct", "provider": "transformers", "response": "Final answer: 8", "numeric_answer": 8.0, "relative_error": 0.9169607639609716, "thinking_text": null, "has_tool_call": false, "tool_call": null, "usage": {"prompt_tokens": 196, "completion_tokens": 6, "total_tokens": 202, "token_count_source": "tokenizer"}, "decoding": {"temperature": 0.2, "top_p": null, "top_k": null, "max_tokens": 256, "seed": 42}, "prompt_tokens": 196, "completion_tokens": 6, "total_tokens": 202, "token_count_source": "tokenizer", "diffusion_steps": null, "flops_estimate": null, "flops_arch": null, "flops_model_params": null, "flops_active_params": null, "tokens_non_final": 3, "tokens_reasoning": 0, "tokens_response": 3, "elapsed_seconds": 0.21744418144226074, "judgement": "Way off"}
{"id": "discounts_000723", "topic": "discounts", "subtopic": "percent", "prompt": "Cart: $48.29, $29.75, $30.14, $33.26, $21.69. A 25% discount applies to everything. About how much do you pay?", "exact_value": 122.35, "model": "qwen/qwen2.5-3b-instruct", "provider": "transformers", "response": "Final answer: 15", "numeric_answer": 15.0, "relative_error": 0.8774008990600736, "thinking_text": null, "has_tool_call": false, "tool_call": null, "usage": {"prompt_tokens": 196, "completion_tokens": 7, "total_tokens": 203, "token_count_source": "tokenizer"}, "decoding": {"temperature": 0.2, "top_p": null, "top_k": null, "max_tokens": 256, "seed": 42}, "prompt_tokens": 196, "completion_tokens": 7, "total_tokens": 203, "token_count_source": "tokenizer", "diffusion_steps": null, "flops_estimate": null, "flops_arch": null, "flops_model_params": null, "flops_active_params": null, "tokens_non_final": 3, "tokens_reasoning": 0, "tokens_response": 3, "elapsed_seconds": 0.23958897590637207, "judgement": "Way off"}
{"id": "discounts_000743", "topic": "discounts", "subtopic": "bogo", "prompt": "BOGO sale (buy one, get one free; free item is the cheaper one in each pair). Items: $22.88, $9.78. About how much do you pay?", "exact_value": 22.88, "model": "qwen/qwen2.5-3b-instruct", "provider": "transformers", "response": "Final answer: 32", "numeric_answer": 32.0, "relative_error": 0.39860139860139865, "thinking_text": null, "has_tool_call": false, "tool_call": null, "usage": {"prompt_tokens": 185, "completion_tokens": 7, "total_tokens": 192, "token_count_source": "tokenizer"}, "decoding": {"temperature": 0.2, "top_p": null, "top_k": null, "max_tokens": 256, "seed": 42}, "prompt_tokens": 185, "completion_tokens": 7, "total_tokens": 192, "token_count_source": "tokenizer", "diffusion_steps": null, "flops_estimate": null, "flops_arch": null, "flops_model_params": null, "flops_active_params": null, "tokens_non_final": 3, "tokens_reasoning": 0, "tokens_response": 3, "elapsed_seconds": 0.24957036972045898, "judgement": "Mildly off"}
{"id": "discounts_000763", "topic": "discounts", "subtopic": "bogo", "prompt": "BOGO sale (buy one, get one free; free item is the cheaper one in each pair). Items: $11.36, $1.82. About how much do you pay?", "exact_value": 11.36, "model": "qwen/qwen2.5-3b-instruct", "provider": "transformers", "response": "Final answer: 13", "numeric_answer": 13.0, "relative_error": 0.14436619718309865, "thinking_text": null, "has_tool_call": false, "tool_call": null, "usage": {"prompt_tokens": 185, "completion_tokens": 7, "total_tokens": 192, "token_count_source": "tokenizer"}, "decoding": {"temperature": 0.2, "top_p": null, "top_k": null, "max_tokens": 256, "seed": 42}, "prompt_tokens": 185, "completion_tokens": 7, "total_tokens": 192, "token_count_source": "tokenizer", "diffusion_steps": null, "flops_estimate": null, "flops_arch": null, "flops_model_params": null, "flops_active_params": null, "tokens_non_final": 3, "tokens_reasoning": 0, "tokens_response": 3, "elapsed_seconds": 0.24981069564819336, "judgement": "Good approximation"}
{"id": "discounts_000783", "topic": "discounts", "subtopic": "stacked", "prompt": "Stacked deal: 15% off, then $10 coupon if you spend $30 or more. Cart: $37.23, $37.65, $36.92, $14.32, $6.23. About how much do you pay?", "exact_value": 102.5, "model": "qwen/qwen2.5-3b-instruct", "provider": "transformers", "response": "Final answer: 8", "numeric_answer": 8.0, "relative_error": 0.9219512195121952, "thinking_text": null, "has_tool_call": false, "tool_call": null, "usage": {"prompt_tokens": 209, "completion_tokens": 6, "total_tokens": 215, "token_count_source": "tokenizer"}, "decoding": {"temperature": 0.2, "top_p": null, "top_k": null, "max_tokens": 256, "seed": 42}, "prompt_tokens": 209, "completion_tokens": 6, "total_tokens": 215, "token_count_source": "tokenizer", "diffusion_steps": null, "flops_estimate": null, "flops_arch": null, "flops_model_params": null, "flops_active_params": null, "tokens_non_final": 3, "tokens_reasoning": 0, "tokens_response": 3, "elapsed_seconds": 0.21225690841674805, "judgement": "Way off"}
{"id": "discounts_000803", "topic": "discounts", "subtopic": "bogo", "prompt": "BOGO sale (buy one, get one free; free item is the cheaper one in each pair). Items: $23.07, $19.42, $17.76, $16.24, $13.92, $4.39. About how much do you pay?", "exact_value": 54.75, "model": "qwen/qwen2.5-3b-instruct", "provider": "transformers", "response": "Final answer: 8", "numeric_answer": 8.0, "relative_error": 0.8538812785388128, "thinking_text": null, "has_tool_call": false, "tool_call": null, "usage": {"prompt_tokens": 213, "completion_tokens": 6, "total_tokens": 219, "token_count_source": "tokenizer"}, "decoding": {"temperature": 0.2, "top_p": null, "top_k": null, "max_tokens": 256, "seed": 42}, "prompt_tokens": 213, "completion_tokens": 6, "total_tokens": 219, "token_count_source": "tokenizer", "diffusion_steps": null, "flops_estimate": null, "flops_arch": null, "flops_model_params": null, "flops_active_params": null, "tokens_non_final": 3, "tokens_reasoning": 0, "tokens_response": 3, "elapsed_seconds": 0.20629000663757324, "judgement": "Way off"}
{"id": "discounts_000823", "topic": "discounts", "subtopic": "stacked", "prompt": "Stacked deal: 20% off, then $10 coupon if you spend $30 or more. Cart: $8.48, $35.86, $5.64, $31.66, $9.45. About how much do you pay?", "exact_value": 62.87, "model": "qwen/qwen2.5-3b-instruct", "provider": "transformers", "response": "Final answer: 10", "numeric_answer": 10.0, "relative_error": 0.8409416255765866, "thinking_text": null, "has_tool_call": false, "tool_call": null, "usage": {"prompt_tokens": 207, "completion_tokens": 7, "total_tokens": 214, "token_count_source": "tokenizer"}, "decoding": {"temperature": 0.2, "top_p": null, "top_k": null, "max_tokens": 256, "seed": 42}, "prompt_tokens": 207, "completion_tokens": 7, "total_tokens": 214, "token_count_source": "tokenizer", "diffusion_steps": null, "flops_estimate": null, "flops_arch": null, "flops_model_params": null, "flops_active_params": null, "tokens_non_final": 3, "tokens_reasoning": 0, "tokens_response": 3, "elapsed_seconds": 0.24349641799926758, "judgement": "Way off"}
{"id": "discounts_000843", "topic": "discounts", "subtopic": "buy_n_get_m", "prompt": "Buy 4 get 2 free on items priced $5.03 each. You take 9 total. About how much do you pay?", "exact_value": 35.21, "model": "qwen/qwen2.5-3b-instruct", "provider": "transformers", "response": "Final answer: 1", "numeric_answer": 1.0, "relative_error": 0.9715989775631922, "thinking_text": null, "has_tool_call": false, "tool_call": null, "usage": {"prompt_tokens": 172, "completion_tokens": 6, "total_tokens": 178, "token_count_source": "tokenizer"}, "decoding": {"temperature": 0.2, "top_p": null, "top_k": null, "max_tokens": 256, "seed": 42}, "prompt_tokens": 172, "completion_tokens": 6, "total_tokens": 178, "token_count_source": "tokenizer", "diffusion_steps": null, "flops_estimate": null, "flops_arch": null, "flops_model_params": null, "flops_active_params": null, "tokens_non_final": 3, "tokens_reasoning": 0, "tokens_response": 3, "elapsed_seconds": 0.21488475799560547, "judgement": "Way off"}
{"id": "discounts_000863", "topic": "discounts", "subtopic": "threshold", "prompt": "Threshold coupon applies: $10 off $25+ spend. Cart: $34.92, $8.51, $12.79. About how much do you pay?", "exact_value": 46.22, "model": "qwen/qwen2.5-3b-instruct", "provider": "transformers", "response": "Final answer: 25", "numeric_answer": 25.0, "relative_error": 0.459108610990913, "thinking_text": null, "has_tool_call": false, "tool_call": null, "usage": {"prompt_tokens": 185, "completion_tokens": 7, "total_tokens": 192, "token_count_source": "tokenizer"}, "decoding": {"temperature": 0.2, "top_p": null, "top_k": null, "max_tokens": 256, "seed": 42}, "prompt_tokens": 185, "completion_tokens": 7, "total_tokens": 192, "token_count_source": "tokenizer", "diffusion_steps": null, "flops_estimate": null, "flops_arch": null, "flops_model_params": null, "flops_active_params": null, "tokens_non_final": 3, "tokens_reasoning": 0, "tokens_response": 3, "elapsed_seconds": 0.24742627143859863, "judgement": "Mildly off"}
{"id": "discounts_000883", "topic": "discounts", "subtopic": "percent", "prompt": "Cart: $39.81, $20.15, $41.33, $23.55, $23.05. A 25% discount applies to everything. About how much do you pay?", "exact_value": 110.92, "model": "qwen/qwen2.5-3b-instruct", "provider": "transformers", "response": "Final answer: 120", "numeric_answer": 120.0, "relative_error": 0.08186080057699241, "thinking_text": null, "has_tool_call": false, "tool_call": null, "usage": {"prompt_tokens": 196, "completion_tokens": 8, "total_tokens": 204, "token_count_source": "tokenizer"}, "decoding": {"temperature": 0.2, "top_p": null, "top_k": null, "max_tokens": 256, "seed": 42}, "prompt_tokens": 196, "completion_tokens": 8, "total_tokens": 204, "token_count_source": "tokenizer", "diffusion_steps": null, "flops_estimate": null, "flops_arch": null, "flops_model_params": null, "flops_active_params": null, "tokens_non_final": 3, "tokens_reasoning": 0, "tokens_response": 3, "elapsed_seconds": 0.2714555263519287, "judgement": "Good approximation"}
{"id": "discounts_000903", "topic": "discounts", "subtopic": "percent", "prompt": "Cart: $12.50, $16.62, $17.19. A 10% discount applies to everything. About how much do you pay?", "exact_value": 41.68, "model": "qwen/qwen2.5-3b-instruct", "provider": "transformers", "response": "Final answer: 43", "numeric_answer": 43.0, "relative_error": 0.03166986564299425, "thinking_text": null, "has_tool_call": false, "tool_call": null, "usage": {"prompt_tokens": 182, "completion_tokens": 7, "total_tokens": 189, "token_count_source": "tokenizer"}, "decoding": {"temperature": 0.2, "top_p": null, "top_k": null, "max_tokens": 256, "seed": 42}, "prompt_tokens": 182, "completion_tokens": 7, "total_tokens": 189, "token_count_source": "tokenizer", "diffusion_steps": null, "flops_estimate": null, "flops_arch": null, "flops_model_params": null, "flops_active_params": null, "tokens_non_final": 3, "tokens_reasoning": 0, "tokens_response": 3, "elapsed_seconds": 0.24939513206481934, "judgement": "Good approximation"}
{"id": "discounts_000923", "topic": "discounts", "subtopic": "bogo", "prompt": "BOGO sale (buy one, get one free; free item is the cheaper one in each pair). Items: $10.61, $2.49. About how much do you pay?", "exact_value": 10.61, "model": "qwen/qwen2.5-3b-instruct", "provider": "transformers", "response": "Final answer: 13", "numeric_answer": 13.0, "relative_error": 0.2252591894439209, "thinking_text": null, "has_tool_call": false, "tool_call": null, "usage": {"prompt_tokens": 185, "completion_tokens": 7, "total_tokens": 192, "token_count_source": "tokenizer"}, "decoding": {"temperature": 0.2, "top_p": null, "top_k": null, "max_tokens": 256, "seed": 42}, "prompt_tokens": 185, "completion_tokens": 7, "total_tokens": 192, "token_count_source": "tokenizer", "diffusion_steps": null, "flops_estimate": null, "flops_arch": null, "flops_model_params": null, "flops_active_params": null, "tokens_non_final": 3, "tokens_reasoning": 0, "tokens_response": 3, "elapsed_seconds": 0.23575663566589355, "judgement": "Mildly off"}
{"id": "discounts_000943", "topic": "discounts", "subtopic": "stacked", "prompt": "Stacked deal: 20% off, then $5 coupon if you spend $50 or more. Cart: $22.54, $15.03, $37.69. About how much do you pay?", "exact_value": 55.21, "model": "qwen/qwen2.5-3b-instruct", "provider": "transformers", "response": "Final answer: 8", "numeric_answer": 8.0, "relative_error": 0.8550987140010867, "thinking_text": null, "has_tool_call": false, "tool_call": null, "usage": {"prompt_tokens": 195, "completion_tokens": 6, "total_tokens": 201, "token_count_source": "tokenizer"}, "decoding": {"temperature": 0.2, "top_p": null, "top_k": null, "max_tokens": 256, "seed": 42}, "prompt_tokens": 195, "completion_tokens": 6, "total_tokens": 201, "token_count_source": "tokenizer", "diffusion_steps": null, "flops_estimate": null, "flops_arch": null, "flops_model_params": null, "flops_active_params": null, "tokens_non_final": 3, "tokens_reasoning": 0, "tokens_response": 3, "elapsed_seconds": 0.19382238388061523, "judgement": "Way off"}
{"id": "discounts_000963", "topic": "discounts", "subtopic": "bogo", "prompt": "BOGO sale (buy one, get one free; free item is the cheaper one in each pair). Items: $23.00, $20.02, $17.46, $6.49, $2.60. About how much do you pay?", "exact_value": 43.06, "model": "qwen/qwen2.5-3b-instruct", "provider": "transformers", "response": "Final answer: 8", "numeric_answer": 8.0, "relative_error": 0.8142127264282397, "thinking_text": null, "has_tool_call": false, "tool_call": null, "usage": {"prompt_tokens": 205, "completion_tokens": 6, "total_tokens": 211, "token_count_source": "tokenizer"}, "decoding": {"temperature": 0.2, "top_p": null, "top_k": null, "max_tokens": 256, "seed": 42}, "prompt_tokens": 205, "completion_tokens": 6, "total_tokens": 211, "token_count_source": "tokenizer", "diffusion_steps": null, "flops_estimate": null, "flops_arch": null, "flops_model_params": null, "flops_active_params": null, "tokens_non_final": 3, "tokens_reasoning": 0, "tokens_response": 3, "elapsed_seconds": 0.2076396942138672, "judgement": "Way off"}
{"id": "discounts_000983", "topic": "discounts", "subtopic": "bogo", "prompt": "BOGO sale (buy one, get one free; free item is the cheaper one in each pair). Items: $17.50, $15.22, $8.66. About how much do you pay?", "exact_value": 26.16, "model": "qwen/qwen2.5-3b-instruct", "provider": "transformers", "response": "Final answer: 35", "numeric_answer": 35.0, "relative_error": 0.3379204892966361, "thinking_text": null, "has_tool_call": false, "tool_call": null, "usage": {"prompt_tokens": 192, "completion_tokens": 7, "total_tokens": 199, "token_count_source": "tokenizer"}, "decoding": {"temperature": 0.2, "top_p": null, "top_k": null, "max_tokens": 256, "seed": 42}, "prompt_tokens": 192, "completion_tokens": 7, "total_tokens": 199, "token_count_source": "tokenizer", "diffusion_steps": null, "flops_estimate": null, "flops_arch": null, "flops_model_params": null, "flops_active_params": null, "tokens_non_final": 3, "tokens_reasoning": 0, "tokens_response": 3, "elapsed_seconds": 0.2405390739440918, "judgement": "Mildly off"}
{"id": "discounts_001003", "topic": "discounts", "subtopic": "bogo", "prompt": "BOGO sale (buy one, get one free; free item is the cheaper one in each pair). Items: $22.78, $21.06, $17.56, $9.49, $3.73, $1.89. About how much do you pay?", "exact_value": 44.07, "model": "qwen/qwen2.5-3b-instruct", "provider": "transformers", "response": "Final answer: 7", "numeric_answer": 7.0, "relative_error": 0.841161788064443, "thinking_text": null, "has_tool_call": false, "tool_call": null, "usage": {"prompt_tokens": 211, "completion_tokens": 6, "total_tokens": 217, "token_count_source": "tokenizer"}, "decoding": {"temperature": 0.2, "top_p": null, "top_k": null, "max_tokens": 256, "seed": 42}, "prompt_tokens": 211, "completion_tokens": 6, "total_tokens": 217, "token_count_source": "tokenizer", "diffusion_steps": null, "flops_estimate": null, "flops_arch": null, "flops_model_params": null, "flops_active_params": null, "tokens_non_final": 3, "tokens_reasoning": 0, "tokens_response": 3, "elapsed_seconds": 0.19744420051574707, "judgement": "Way off"}
{"id": "discounts_001023", "topic": "discounts", "subtopic": "buy_n_get_m", "prompt": "Buy 4 get 1 free on items priced $2.87 each. You take 8 total. About how much do you pay?", "exact_value": 20.09, "model": "qwen/qwen2.5-3b-instruct", "provider": "transformers", "response": "Final answer: 12", "numeric_answer": 12.0, "relative_error": 0.4026879044300647, "thinking_text": null, "has_tool_call": false, "tool_call": null, "usage": {"prompt_tokens": 172, "completion_tokens": 7, "total_tokens": 179, "token_count_source": "tokenizer"}, "decoding": {"temperature": 0.2, "top_p": null, "top_k": null, "max_tokens": 256, "seed": 42}, "prompt_tokens": 172, "completion_tokens": 7, "total_tokens": 179, "token_count_source": "tokenizer", "diffusion_steps": null, "flops_estimate": null, "flops_arch": null, "flops_model_params": null, "flops_active_params": null, "tokens_non_final": 3, "tokens_reasoning": 0, "tokens_response": 3, "elapsed_seconds": 0.24422931671142578, "judgement": "Mildly off"}
{"id": "discounts_001043", "topic": "discounts", "subtopic": "threshold", "prompt": "Threshold coupon applies: $5 off $25+ spend. Cart: $35.97, $4.76, $38.83, $33.01. About how much do you pay?", "exact_value": 107.57, "model": "qwen/qwen2.5-3b-instruct", "provider": "transformers", "response": "Final answer: 35", "numeric_answer": 35.0, "relative_error": 0.6746304731802547, "thinking_text": null, "has_tool_call": false, "tool_call": null, "usage": {"prompt_tokens": 191, "completion_tokens": 7, "total_tokens": 198, "token_count_source": "tokenizer"}, "decoding": {"temperature": 0.2, "top_p": null, "top_k": null, "max_tokens": 256, "seed": 42}, "prompt_tokens": 191, "completion_tokens": 7, "total_tokens": 198, "token_count_source": "tokenizer", "diffusion_steps": null, "flops_estimate": null, "flops_arch": null, "flops_model_params": null, "flops_active_params": null, "tokens_non_final": 3, "tokens_reasoning": 0, "tokens_response": 3, "elapsed_seconds": 0.241438627243042, "judgement": "Way off"}
{"id": "discounts_001063", "topic": "discounts", "subtopic": "stacked", "prompt": "Stacked deal: 10% off, then $5 coupon if you spend $30 or more. Cart: $3.36, $20.19, $25.37. About how much do you pay?", "exact_value": 39.03, "model": "qwen/qwen2.5-3b-instruct", "provider": "transformers", "response": "Final answer: 4", "numeric_answer": 4.0, "relative_error": 0.897514732257238, "thinking_text": null, "has_tool_call": false, "tool_call": null, "usage": {"prompt_tokens": 194, "completion_tokens": 6, "total_tokens": 200, "token_count_source": "tokenizer"}, "decoding": {"temperature": 0.2, "top_p": null, "top_k": null, "max_tokens": 256, "seed": 42}, "prompt_tokens": 194, "completion_tokens": 6, "total_tokens": 200, "token_count_source": "tokenizer", "diffusion_steps": null, "flops_estimate": null, "flops_arch": null, "flops_model_params": null, "flops_active_params": null, "tokens_non_final": 3, "tokens_reasoning": 0, "tokens_response": 3, "elapsed_seconds": 0.1981973648071289, "judgement": "Way off"}
{"id": "discounts_001083", "topic": "discounts", "subtopic": "stacked", "prompt": "Stacked deal: 10% off, then $10 coupon if you spend $40 or more. Cart: $21.15, $25.92, $23.98. About how much do you pay?", "exact_value": 53.95, "model": "qwen/qwen2.5-3b-instruct", "provider": "transformers", "response": "Final answer: 49", "numeric_answer": 49.0, "relative_error": 0.09175162187210385, "thinking_text": null, "has_tool_call": false, "tool_call": null, "usage": {"prompt_tokens": 196, "completion_tokens": 7, "total_tokens": 203, "token_count_source": "tokenizer"}, "decoding": {"temperature": 0.2, "top_p": null, "top_k": null, "max_tokens": 256, "seed": 42}, "prompt_tokens": 196, "completion_tokens": 7, "total_tokens": 203, "token_count_source": "tokenizer", "diffusion_steps": null, "flops_estimate": null, "flops_arch": null, "flops_model_params": null, "flops_active_params": null, "tokens_non_final": 3, "tokens_reasoning": 0, "tokens_response": 3, "elapsed_seconds": 0.247208833694458, "judgement": "Good approximation"}
{"id": "discounts_001103", "topic": "discounts", "subtopic": "threshold", "prompt": "Threshold coupon applies: $10 off $40+ spend. Cart: $20.06, $17.49. About how much do you pay?", "exact_value": 37.55, "model": "qwen/qwen2.5-3b-instruct", "provider": "transformers", "response": "Final answer: 30", "numeric_answer": 30.0, "relative_error": 0.20106524633821565, "thinking_text": null, "has_tool_call": false, "tool_call": null, "usage": {"prompt_tokens": 179, "completion_tokens": 7, "total_tokens": 186, "token_count_source": "tokenizer"}, "decoding": {"temperature": 0.2, "top_p": null, "top_k": null, "max_tokens": 256, "seed": 42}, "prompt_tokens": 179, "completion_tokens": 7, "total_tokens": 186, "token_count_source": "tokenizer", "diffusion_steps": null, "flops_estimate": null, "flops_arch": null, "flops_model_params": null, "flops_active_params": null, "tokens_non_final": 3, "tokens_reasoning": 0, "tokens_response": 3, "elapsed_seconds": 0.23201465606689453, "judgement": "Mildly off"}
{"id": "discounts_001123", "topic": "discounts", "subtopic": "threshold", "prompt": "Threshold coupon applies: $15 off $50+ spend. Cart: $18.18, $39.52, $22.33. About how much do you pay?", "exact_value": 65.03, "model": "qwen/qwen2.5-3b-instruct", "provider": "transformers", "response": "Final answer: 4", "numeric_answer": 4.0, "relative_error": 0.9384899277256651, "thinking_text": null, "has_tool_call": false, "tool_call": null, "usage": {"prompt_tokens": 186, "completion_tokens": 6, "total_tokens": 192, "token_count_source": "tokenizer"}, "decoding": {"temperature": 0.2, "top_p": null, "top_k": null, "max_tokens": 256, "seed": 42}, "prompt_tokens": 186, "completion_tokens": 6, "total_tokens": 192, "token_count_source": "tokenizer", "diffusion_steps": null, "flops_estimate": null, "flops_arch": null, "flops_model_params": null, "flops_active_params": null, "tokens_non_final": 3, "tokens_reasoning": 0, "tokens_response": 3, "elapsed_seconds": 0.210906982421875, "judgement": "Way off"}
{"id": "discounts_001143", "topic": "discounts", "subtopic": "threshold", "prompt": "Threshold coupon applies: $5 off $25+ spend. Cart: $6.88, $33.06. About how much do you pay?", "exact_value": 34.94, "model": "qwen/qwen2.5-3b-instruct", "provider": "transformers", "response": "Final answer: 38", "numeric_answer": 38.0, "relative_error": 0.08757870635374936, "thinking_text": null, "has_tool_call": false, "tool_call": null, "usage": {"prompt_tokens": 177, "completion_tokens": 7, "total_tokens": 184, "token_count_source": "tokenizer"}, "decoding": {"temperature": 0.2, "top_p": null, "top_k": null, "max_tokens": 256, "seed": 42}, "prompt_tokens": 177, "completion_tokens": 7, "total_tokens": 184, "token_count_source": "tokenizer", "diffusion_steps": null, "flops_estimate": null, "flops_arch": null, "flops_model_params": null, "flops_active_params": null, "tokens_non_final": 3, "tokens_reasoning": 0, "tokens_response": 3, "elapsed_seconds": 0.2391831874847412, "judgement": "Good approximation"}
{"id": "discounts_001163", "topic": "discounts", "subtopic": "buy_n_get_m", "prompt": "Buy 5 get 3 free on items priced $1.79 each. You take 12 total. About how much do you pay?", "exact_value": 16.11, "model": "qwen/qwen2.5-3b-instruct", "provider": "transformers", "response": "Final answer: 12", "numeric_answer": 12.0, "relative_error": 0.25512104283054, "thinking_text": null, "has_tool_call": false, "tool_call": null, "usage": {"prompt_tokens": 173, "completion_tokens": 7, "total_tokens": 180, "token_count_source": "tokenizer"}, "decoding": {"temperature": 0.2, "top_p": null, "top_k": null, "max_tokens": 256, "seed": 42}, "prompt_tokens": 173, "completion_tokens": 7, "total_tokens": 180, "token_count_source": "tokenizer", "diffusion_steps": null, "flops_estimate": null, "flops_arch": null, "flops_model_params": null, "flops_active_params": null, "tokens_non_final": 3, "tokens_reasoning": 0, "tokens_response": 3, "elapsed_seconds": 0.23151707649230957, "judgement": "Mildly off"}
{"id": "discounts_001183", "topic": "discounts", "subtopic": "threshold", "prompt": "Threshold coupon applies: $10 off $40+ spend. Cart: $17.79, $9.82, $10.21. About how much do you pay?", "exact_value": 37.82, "model": "qwen/qwen2.5-3b-instruct", "provider": "transformers", "response": "Final answer: 3", "numeric_answer": 3.0, "relative_error": 0.920676890534109, "thinking_text": null, "has_tool_call": false, "tool_call": null, "usage": {"prompt_tokens": 185, "completion_tokens": 6, "total_tokens": 191, "token_count_source": "tokenizer"}, "decoding": {"temperature": 0.2, "top_p": null, "top_k": null, "max_tokens": 256, "seed": 42}, "prompt_tokens": 185, "completion_tokens": 6, "total_tokens": 191, "token_count_source": "tokenizer", "diffusion_steps": null, "flops_estimate": null, "flops_arch": null, "flops_model_params": null, "flops_active_params": null, "tokens_non_final": 3, "tokens_reasoning": 0, "tokens_response": 3, "elapsed_seconds": 0.21256756782531738, "judgement": "Way off"}
{"id": "discounts_001203", "topic": "discounts", "subtopic": "threshold", "prompt": "Threshold coupon applies: $10 off $25+ spend. Cart: $21.83, $6.78, $19.19, $4.90. About how much do you pay?", "exact_value": 42.7, "model": "qwen/qwen2.5-3b-instruct", "provider": "transformers", "response": "Final answer: 10", "numeric_answer": 10.0, "relative_error": 0.765807962529274, "thinking_text": null, "has_tool_call": false, "tool_call": null, "usage": {"prompt_tokens": 191, "completion_tokens": 7, "total_tokens": 198, "token_count_source": "tokenizer"}, "decoding": {"temperature": 0.2, "top_p": null, "top_k": null, "max_tokens": 256, "seed": 42}, "prompt_tokens": 191, "completion_tokens": 7, "total_tokens": 198, "token_count_source": "tokenizer", "diffusion_steps": null, "flops_estimate": null, "flops_arch": null, "flops_model_params": null, "flops_active_params": null, "tokens_non_final": 3, "tokens_reasoning": 0, "tokens_response": 3, "elapsed_seconds": 0.2397611141204834, "judgement": "Way off"}
{"id": "discounts_001223", "topic": "discounts", "subtopic": "bogo", "prompt": "BOGO sale (buy one, get one free; free item is the cheaper one in each pair). Items: $9.89, $5.43, $1.64. About how much do you pay?", "exact_value": 11.53, "model": "qwen/qwen2.5-3b-instruct", "provider": "transformers", "response": "Final answer: 20", "numeric_answer": 20.0, "relative_error": 0.7346053772766696, "thinking_text": null, "has_tool_call": false, "tool_call": null, "usage": {"prompt_tokens": 190, "completion_tokens": 7, "total_tokens": 197, "token_count_source": "tokenizer"}, "decoding": {"temperature": 0.2, "top_p": null, "top_k": null, "max_tokens": 256, "seed": 42}, "prompt_tokens": 190, "completion_tokens": 7, "total_tokens": 197, "token_count_source": "tokenizer", "diffusion_steps": null, "flops_estimate": null, "flops_arch": null, "flops_model_params": null, "flops_active_params": null, "tokens_non_final": 3, "tokens_reasoning": 0, "tokens_response": 3, "elapsed_seconds": 0.23545002937316895, "judgement": "Way off"}
{"id": "discounts_001243", "topic": "discounts", "subtopic": "bogo", "prompt": "BOGO sale (buy one, get one free; free item is the cheaper one in each pair). Items: $13.65, $11.87. About how much do you pay?", "exact_value": 13.65, "model": "qwen/qwen2.5-3b-instruct", "provider": "transformers", "response": "Final answer: 25", "numeric_answer": 25.0, "relative_error": 0.8315018315018314, "thinking_text": null, "has_tool_call": false, "tool_call": null, "usage": {"prompt_tokens": 186, "completion_tokens": 7, "total_tokens": 193, "token_count_source": "tokenizer"}, "decoding": {"temperature": 0.2, "top_p": null, "top_k": null, "max_tokens": 256, "seed": 42}, "prompt_tokens": 186, "completion_tokens": 7, "total_tokens": 193, "token_count_source": "tokenizer", "diffusion_steps": null, "flops_estimate": null, "flops_arch": null, "flops_model_params": null, "flops_active_params": null, "tokens_non_final": 3, "tokens_reasoning": 0, "tokens_response": 3, "elapsed_seconds": 0.2489182949066162, "judgement": "Way off"}
{"id": "discounts_001263", "topic": "discounts", "subtopic": "stacked", "prompt": "Stacked deal: 20% off, then $10 coupon if you spend $30 or more. Cart: $7.97, $14.01, $20.15, $6.20. About how much do you pay?", "exact_value": 28.66, "model": "qwen/qwen2.5-3b-instruct", "provider": "transformers", "response": "Final answer: 30", "numeric_answer": 30.0, "relative_error": 0.04675505931612002, "thinking_text": null, "has_tool_call": false, "tool_call": null, "usage": {"prompt_tokens": 201, "completion_tokens": 7, "total_tokens": 208, "token_count_source": "tokenizer"}, "decoding": {"temperature": 0.2, "top_p": null, "top_k": null, "max_tokens": 256, "seed": 42}, "prompt_tokens": 201, "completion_tokens": 7, "total_tokens": 208, "token_count_source": "tokenizer", "diffusion_steps": null, "flops_estimate": null, "flops_arch": null, "flops_model_params": null, "flops_active_params": null, "tokens_non_final": 3, "tokens_reasoning": 0, "tokens_response": 3, "elapsed_seconds": 0.23792147636413574, "judgement": "Good approximation"}
{"id": "discounts_001283", "topic": "discounts", "subtopic": "bogo", "prompt": "BOGO sale (buy one, get one free; free item is the cheaper one in each pair). Items: $23.99, $18.08, $15.49, $11.69, $2.98, $1.77. About how much do you pay?", "exact_value": 42.46, "model": "qwen/qwen2.5-3b-instruct", "provider": "transformers", "response": "Final answer: 8", "numeric_answer": 8.0, "relative_error": 0.8115873763542157, "thinking_text": null, "has_tool_call": false, "tool_call": null, "usage": {"prompt_tokens": 212, "completion_tokens": 6, "total_tokens": 218, "token_count_source": "tokenizer"}, "decoding": {"temperature": 0.2, "top_p": null, "top_k": null, "max_tokens": 256, "seed": 42}, "prompt_tokens": 212, "completion_tokens": 6, "total_tokens": 218, "token_count_source": "tokenizer", "diffusion_steps": null, "flops_estimate": null, "flops_arch": null, "flops_model_params": null, "flops_active_params": null, "tokens_non_final": 3, "tokens_reasoning": 0, "tokens_response": 3, "elapsed_seconds": 0.21087646484375, "judgement": "Way off"}
{"id": "discounts_001303", "topic": "discounts", "subtopic": "buy_n_get_m", "prompt": "Buy 3 get 1 free on items priced $5.20 each. You take 7 total. About how much do you pay?", "exact_value": 31.2, "model": "qwen/qwen2.5-3b-instruct", "provider": "transformers", "response": "Final answer: 15", "numeric_answer": 15.0, "relative_error": 0.5192307692307693, "thinking_text": null, "has_tool_call": false, "tool_call": null, "usage": {"prompt_tokens": 172, "completion_tokens": 7, "total_tokens": 179, "token_count_source": "tokenizer"}, "decoding": {"temperature": 0.2, "top_p": null, "top_k": null, "max_tokens": 256, "seed": 42}, "prompt_tokens": 172, "completion_tokens": 7, "total_tokens": 179, "token_count_source": "tokenizer", "diffusion_steps": null, "flops_estimate": null, "flops_arch": null, "flops_model_params": null, "flops_active_params": null, "tokens_non_final": 3, "tokens_reasoning": 0, "tokens_response": 3, "elapsed_seconds": 0.24108648300170898, "judgement": "Mildly off"}
{"id": "discounts_001323", "topic": "discounts", "subtopic": "buy_n_get_m", "prompt": "Buy 5 get 2 free on items priced $6.90 each. You take 7 total. About how much do you pay?", "exact_value": 34.5, "model": "qwen/qwen2.5-3b-instruct", "provider": "transformers", "response": "Final answer: 3", "numeric_answer": 3.0, "relative_error": 0.9130434782608695, "thinking_text": null, "has_tool_call": false, "tool_call": null, "usage": {"prompt_tokens": 172, "completion_tokens": 6, "total_tokens": 178, "token_count_source": "tokenizer"}, "decoding": {"temperature": 0.2, "top_p": null, "top_k": null, "max_tokens": 256, "seed": 42}, "prompt_tokens": 172, "completion_tokens": 6, "total_tokens": 178, "token_count_source": "tokenizer", "diffusion_steps": null, "flops_estimate": null, "flops_arch": null, "flops_model_params": null, "flops_active_params": null, "tokens_non_final": 3, "tokens_reasoning": 0, "tokens_response": 3, "elapsed_seconds": 0.20021986961364746, "judgement": "Way off"}
{"id": "discounts_001343", "topic": "discounts", "subtopic": "threshold", "prompt": "Threshold coupon applies: $5 off $30+ spend. Cart: $14.20, $6.64, $17.41, $15.16, $33.39. About how much do you pay?", "exact_value": 81.8, "model": "qwen/qwen2.5-3b-instruct", "provider": "transformers", "response": "Final answer: 8", "numeric_answer": 8.0, "relative_error": 0.902200488997555, "thinking_text": null, "has_tool_call": false, "tool_call": null, "usage": {"prompt_tokens": 198, "completion_tokens": 6, "total_tokens": 204, "token_count_source": "tokenizer"}, "decoding": {"temperature": 0.2, "top_p": null, "top_k": null, "max_tokens": 256, "seed": 42}, "prompt_tokens": 198, "completion_tokens": 6, "total_tokens": 204, "token_count_source": "tokenizer", "diffusion_steps": null, "flops_estimate": null, "flops_arch": null, "flops_model_params": null, "flops_active_params": null, "tokens_non_final": 3, "tokens_reasoning": 0, "tokens_response": 3, "elapsed_seconds": 0.21654558181762695, "judgement": "Way off"}
{"id": "discounts_001363", "topic": "discounts", "subtopic": "percent", "prompt": "Cart: $17.94, $48.32, $33.85. A 25% discount applies to everything. About how much do you pay?", "exact_value": 75.08, "model": "qwen/qwen2.5-3b-instruct", "provider": "transformers", "response": "Final answer: 85", "numeric_answer": 85.0, "relative_error": 0.13212573255194462, "thinking_text": null, "has_tool_call": false, "tool_call": null, "usage": {"prompt_tokens": 182, "completion_tokens": 7, "total_tokens": 189, "token_count_source": "tokenizer"}, "decoding": {"temperature": 0.2, "top_p": null, "top_k": null, "max_tokens": 256, "seed": 42}, "prompt_tokens": 182, "completion_tokens": 7, "total_tokens": 189, "token_count_source": "tokenizer", "diffusion_steps": null, "flops_estimate": null, "flops_arch": null, "flops_model_params": null, "flops_active_params": null, "tokens_non_final": 3, "tokens_reasoning": 0, "tokens_response": 3, "elapsed_seconds": 0.24079489707946777, "judgement": "Good approximation"}
{"id": "discounts_001383", "topic": "discounts", "subtopic": "buy_n_get_m", "prompt": "Buy 5 get 2 free on items priced $2.51 each. You take 8 total. About how much do you pay?", "exact_value": 15.06, "model": "qwen/qwen2.5-3b-instruct", "provider": "transformers", "response": "Final answer: 15", "numeric_answer": 15.0, "relative_error": 0.003984063745019953, "thinking_text": null, "has_tool_call": false, "tool_call": null, "usage": {"prompt_tokens": 172, "completion_tokens": 7, "total_tokens": 179, "token_count_source": "tokenizer"}, "decoding": {"temperature": 0.2, "top_p": null, "top_k": null, "max_tokens": 256, "seed": 42}, "prompt_tokens": 172, "completion_tokens": 7, "total_tokens": 179, "token_count_source": "tokenizer", "diffusion_steps": null, "flops_estimate": null, "flops_arch": null, "flops_model_params": null, "flops_active_params": null, "tokens_non_final": 3, "tokens_reasoning": 0, "tokens_response": 3, "elapsed_seconds": 0.24102783203125, "judgement": "Good approximation"}
{"id": "discounts_001403", "topic": "discounts", "subtopic": "percent", "prompt": "Cart: $49.45, $5.75. A 15% discount applies to everything. About how much do you pay?", "exact_value": 46.92, "model": "qwen/qwen2.5-3b-instruct", "provider": "transformers", "response": "First, let's round the numbers to make the calculation easier:\n- The first price is $49.45, which rounds to $50.\n- The second price is $5.75, which rounds to $6.\n\nNow, we apply a 15% discount on the total of these two amounts:\n- The total before discount is $50 + $6 = $56.\n- A 15% discount on $56 is approximately $8 (since 15% of $56 is roughly $8).\n\nSo, subtracting the discount from the original total gives us:\n- The final amount is about $56 - $8 = $48.\n\nFinal answer: 48", "numeric_answer": 48.0, "relative_error": 0.023017902813299195, "thinking_text": null, "has_tool_call": false, "tool_call": null, "usage": {"prompt_tokens": 174, "completion_tokens": 151, "total_tokens": 325, "token_count_source": "tokenizer"}, "decoding": {"temperature": 0.2, "top_p": null, "top_k": null, "max_tokens": 256, "seed": 42}, "prompt_tokens": 174, "completion_tokens": 151, "total_tokens": 325, "token_count_source": "tokenizer", "diffusion_steps": null, "flops_estimate": null, "flops_arch": null, "flops_model_params": null, "flops_active_params": null, "tokens_non_final": 94, "tokens_reasoning": 0, "tokens_response": 94, "elapsed_seconds": 5.094848155975342, "judgement": "Good approximation"}
{"id": "discounts_001423", "topic": "discounts", "subtopic": "stacked", "prompt": "Stacked deal: 15% off, then $5 coupon if you spend $30 or more. Cart: $19.07, $30.50, $14.10, $29.57, $24.48, $18.89. About how much do you pay?", "exact_value": 111.12, "model": "qwen/qwen2.5-3b-instruct", "provider": "transformers", "response": "Final answer: 6", "numeric_answer": 6.0, "relative_error": 0.9460043196544277, "thinking_text": null, "has_tool_call": false, "tool_call": null, "usage": {"prompt_tokens": 216, "completion_tokens": 6, "total_tokens": 222, "token_count_source": "tokenizer"}, "decoding": {"temperature": 0.2, "top_p": null, "top_k": null, "max_tokens": 256, "seed": 42}, "prompt_tokens": 216, "completion_tokens": 6, "total_tokens": 222, "token_count_source": "tokenizer", "diffusion_steps": null, "flops_estimate": null, "flops_arch": null, "flops_model_params": null, "flops_active_params": null, "tokens_non_final": 3, "tokens_reasoning": 0, "tokens_response": 3, "elapsed_seconds": 0.2097024917602539, "judgement": "Way off"}
{"id": "discounts_001443", "topic": "discounts", "subtopic": "threshold", "prompt": "Threshold coupon applies: $5 off $40+ spend. Cart: $30.27, $5.01, $32.89, $4.11. About how much do you pay?", "exact_value": 67.28, "model": "qwen/qwen2.5-3b-instruct", "provider": "transformers", "response": "Final answer: 28", "numeric_answer": 28.0, "relative_error": 0.5838287752675386, "thinking_text": null, "has_tool_call": false, "tool_call": null, "usage": {"prompt_tokens": 190, "completion_tokens": 7, "total_tokens": 197, "token_count_source": "tokenizer"}, "decoding": {"temperature": 0.2, "top_p": null, "top_k": null, "max_tokens": 256, "seed": 42}, "prompt_tokens": 190, "completion_tokens": 7, "total_tokens": 197, "token_count_source": "tokenizer", "diffusion_steps": null, "flops_estimate": null, "flops_arch": null, "flops_model_params": null, "flops_active_params": null, "tokens_non_final": 3, "tokens_reasoning": 0, "tokens_response": 3, "elapsed_seconds": 0.23584413528442383, "judgement": "Mildly off"}
{"id": "discounts_001463", "topic": "discounts", "subtopic": "stacked", "prompt": "Stacked deal: 20% off, then $10 coupon if you spend $50 or more. Cart: $17.21, $5.84, $30.05. About how much do you pay?", "exact_value": 42.48, "model": "qwen/qwen2.5-3b-instruct", "provider": "transformers", "response": "Final answer: 30", "numeric_answer": 30.0, "relative_error": 0.29378531073446323, "thinking_text": null, "has_tool_call": false, "tool_call": null, "usage": {"prompt_tokens": 195, "completion_tokens": 7, "total_tokens": 202, "token_count_source": "tokenizer"}, "decoding": {"temperature": 0.2, "top_p": null, "top_k": null, "max_tokens": 256, "seed": 42}, "prompt_tokens": 195, "completion_tokens": 7, "total_tokens": 202, "token_count_source": "tokenizer", "diffusion_steps": null, "flops_estimate": null, "flops_arch": null, "flops_model_params": null, "flops_active_params": null, "tokens_non_final": 3, "tokens_reasoning": 0, "tokens_response": 3, "elapsed_seconds": 0.23502731323242188, "judgement": "Mildly off"}
{"id": "discounts_001483", "topic": "discounts", "subtopic": "stacked", "prompt": "Stacked deal: 20% off, then $5 coupon if you spend $40 or more. Cart: $7.98, $13.08, $39.62, $23.53, $7.04, $16.41. About how much do you pay?", "exact_value": 81.13, "model": "qwen/qwen2.5-3b-instruct", "provider": "transformers", "response": "Final answer: 8", "numeric_answer": 8.0, "relative_error": 0.9013928263281153, "thinking_text": null, "has_tool_call": false, "tool_call": null, "usage": {"prompt_tokens": 214, "completion_tokens": 6, "total_tokens": 220, "token_count_source": "tokenizer"}, "decoding": {"temperature": 0.2, "top_p": null, "top_k": null, "max_tokens": 256, "seed": 42}, "prompt_tokens": 214, "completion_tokens": 6, "total_tokens": 220, "token_count_source": "tokenizer", "diffusion_steps": null, "flops_estimate": null, "flops_arch": null, "flops_model_params": null, "flops_active_params": null, "tokens_non_final": 3, "tokens_reasoning": 0, "tokens_response": 3, "elapsed_seconds": 0.2089552879333496, "judgement": "Way off"}
{"id": "discounts_001503", "topic": "discounts", "subtopic": "stacked", "prompt": "Stacked deal: 15% off, then $10 coupon if you spend $30 or more. Cart: $5.05, $35.87, $13.37, $20.23, $19.52, $14.94. About how much do you pay?", "exact_value": 82.63, "model": "qwen/qwen2.5-3b-instruct", "provider": "transformers", "response": "Final answer: 6", "numeric_answer": 6.0, "relative_error": 0.927387147525112, "thinking_text": null, "has_tool_call": false, "tool_call": null, "usage": {"prompt_tokens": 216, "completion_tokens": 6, "total_tokens": 222, "token_count_source": "tokenizer"}, "decoding": {"temperature": 0.2, "top_p": null, "top_k": null, "max_tokens": 256, "seed": 42}, "prompt_tokens": 216, "completion_tokens": 6, "total_tokens": 222, "token_count_source": "tokenizer", "diffusion_steps": null, "flops_estimate": null, "flops_arch": null, "flops_model_params": null, "flops_active_params": null, "tokens_non_final": 3, "tokens_reasoning": 0, "tokens_response": 3, "elapsed_seconds": 0.20398545265197754, "judgement": "Way off"}
{"id": "discounts_001523", "topic": "discounts", "subtopic": "percent", "prompt": "Cart: $17.62, $17.49. A 25% discount applies to everything. About how much do you pay?", "exact_value": 26.33, "model": "qwen/qwen2.5-3b-instruct", "provider": "transformers", "response": "Final answer: 3", "numeric_answer": 3.0, "relative_error": 0.8860615267755412, "thinking_text": null, "has_tool_call": false, "tool_call": null, "usage": {"prompt_tokens": 175, "completion_tokens": 6, "total_tokens": 181, "token_count_source": "tokenizer"}, "decoding": {"temperature": 0.2, "top_p": null, "top_k": null, "max_tokens": 256, "seed": 42}, "prompt_tokens": 175, "completion_tokens": 6, "total_tokens": 181, "token_count_source": "tokenizer", "diffusion_steps": null, "flops_estimate": null, "flops_arch": null, "flops_model_params": null, "flops_active_params": null, "tokens_non_final": 3, "tokens_reasoning": 0, "tokens_response": 3, "elapsed_seconds": 0.212660551071167, "judgement": "Way off"}
{"id": "discounts_001543", "topic": "discounts", "subtopic": "percent", "prompt": "Cart: $41.40, $12.55, $25.87, $24.13. A 10% discount applies to everything. About how much do you pay?", "exact_value": 93.56, "model": "qwen/qwen2.5-3b-instruct", "provider": "transformers", "response": "Final answer: 12", "numeric_answer": 12.0, "relative_error": 0.8717400598546388, "thinking_text": null, "has_tool_call": false, "tool_call": null, "usage": {"prompt_tokens": 189, "completion_tokens": 7, "total_tokens": 196, "token_count_source": "tokenizer"}, "decoding": {"temperature": 0.2, "top_p": null, "top_k": null, "max_tokens": 256, "seed": 42}, "prompt_tokens": 189, "completion_tokens": 7, "total_tokens": 196, "token_count_source": "tokenizer", "diffusion_steps": null, "flops_estimate": null, "flops_arch": null, "flops_model_params": null, "flops_active_params": null, "tokens_non_final": 3, "tokens_reasoning": 0, "tokens_response": 3, "elapsed_seconds": 0.25183773040771484, "judgement": "Way off"}
{"id": "discounts_001563", "topic": "discounts", "subtopic": "buy_n_get_m", "prompt": "Buy 5 get 2 free on items priced $6.56 each. You take 13 total. About how much do you pay?", "exact_value": 65.6, "model": "qwen/qwen2.5-3b-instruct", "provider": "transformers", "response": "Final answer: 8", "numeric_answer": 8.0, "relative_error": 0.8780487804878049, "thinking_text": null, "has_tool_call": false, "tool_call": null, "usage": {"prompt_tokens": 173, "completion_tokens": 6, "total_tokens": 179, "token_count_source": "tokenizer"}, "decoding": {"temperature": 0.2, "top_p": null, "top_k": null, "max_tokens": 256, "seed": 42}, "prompt_tokens": 173, "completion_tokens": 6, "total_tokens": 179, "token_count_source": "tokenizer", "diffusion_steps": null, "flops_estimate": null, "flops_arch": null, "flops_model_params": null, "flops_active_params": null, "tokens_non_final": 3, "tokens_reasoning": 0, "tokens_response": 3, "elapsed_seconds": 0.21047377586364746, "judgement": "Way off"}
{"id": "discounts_001583", "topic": "discounts", "subtopic": "percent", "prompt": "Cart: $16.59, $10.20. A 25% discount applies to everything. About how much do you pay?", "exact_value": 20.09, "model": "qwen/qwen2.5-3b-instruct", "provider": "transformers", "response": "Final answer: 13", "numeric_answer": 13.0, "relative_error": 0.35291189646590343, "thinking_text": null, "has_tool_call": false, "tool_call": null, "usage": {"prompt_tokens": 175, "completion_tokens": 7, "total_tokens": 182, "token_count_source": "tokenizer"}, "decoding": {"temperature": 0.2, "top_p": null, "top_k": null, "max_tokens": 256, "seed": 42}, "prompt_tokens": 175, "completion_tokens": 7, "total_tokens": 182, "token_count_source": "tokenizer", "diffusion_steps": null, "flops_estimate": null, "flops_arch": null, "flops_model_params": null, "flops_active_params": null, "tokens_non_final": 3, "tokens_reasoning": 0, "tokens_response": 3, "elapsed_seconds": 0.23658418655395508, "judgement": "Mildly off"}
{"id": "discounts_001603", "topic": "discounts", "subtopic": "stacked", "prompt": "Stacked deal: 15% off, then $5 coupon if you spend $40 or more. Cart: $30.66, $8.69, $10.48, $36.69, $30.92. About how much do you pay?", "exact_value": 94.82, "model": "qwen/qwen2.5-3b-instruct", "provider": "transformers", "response": "Final answer: 85", "numeric_answer": 85.0, "relative_error": 0.10356464880826824, "thinking_text": null, "has_tool_call": false, "tool_call": null, "usage": {"prompt_tokens": 208, "completion_tokens": 7, "total_tokens": 215, "token_count_source": "tokenizer"}, "decoding": {"temperature": 0.2, "top_p": null, "top_k": null, "max_tokens": 256, "seed": 42}, "prompt_tokens": 208, "completion_tokens": 7, "total_tokens": 215, "token_count_source": "tokenizer", "diffusion_steps": null, "flops_estimate": null, "flops_arch": null, "flops_model_params": null, "flops_active_params": null, "tokens_non_final": 3, "tokens_reasoning": 0, "tokens_response": 3, "elapsed_seconds": 0.24077820777893066, "judgement": "Good approximation"}
{"id": "discounts_001623", "topic": "discounts", "subtopic": "threshold", "prompt": "Threshold coupon applies: $15 off $25+ spend. Cart: $27.63, $11.37, $28.67, $23.20, $7.60. About how much do you pay?", "exact_value": 83.47, "model": "qwen/qwen2.5-3b-instruct", "provider": "transformers", "response": "Final answer: 49", "numeric_answer": 49.0, "relative_error": 0.41296274110458847, "thinking_text": null, "has_tool_call": false, "tool_call": null, "usage": {"prompt_tokens": 199, "completion_tokens": 7, "total_tokens": 206, "token_count_source": "tokenizer"}, "decoding": {"temperature": 0.2, "top_p": null, "top_k": null, "max_tokens": 256, "seed": 42}, "prompt_tokens": 199, "completion_tokens": 7, "total_tokens": 206, "token_count_source": "tokenizer", "diffusion_steps": null, "flops_estimate": null, "flops_arch": null, "flops_model_params": null, "flops_active_params": null, "tokens_non_final": 3, "tokens_reasoning": 0, "tokens_response": 3, "elapsed_seconds": 0.2573885917663574, "judgement": "Mildly off"}
{"id": "discounts_001643", "topic": "discounts", "subtopic": "percent", "prompt": "Cart: $6.86, $18.76, $18.57. A 25% discount applies to everything. About how much do you pay?", "exact_value": 33.14, "model": "qwen/qwen2.5-3b-instruct", "provider": "transformers", "response": "Final answer: 34", "numeric_answer": 34.0, "relative_error": 0.02595051297525647, "thinking_text": null, "has_tool_call": false, "tool_call": null, "usage": {"prompt_tokens": 181, "completion_tokens": 7, "total_tokens": 188, "token_count_source": "tokenizer"}, "decoding": {"temperature": 0.2, "top_p": null, "top_k": null, "max_tokens": 256, "seed": 42}, "prompt_tokens": 181, "completion_tokens": 7, "total_tokens": 188, "token_count_source": "tokenizer", "diffusion_steps": null, "flops_estimate": null, "flops_arch": null, "flops_model_params": null, "flops_active_params": null, "tokens_non_final": 3, "tokens_reasoning": 0, "tokens_response": 3, "elapsed_seconds": 0.2519848346710205, "judgement": "Good approximation"}
{"id": "discounts_001663", "topic": "discounts", "subtopic": "percent", "prompt": "Cart: $12.12, $48.45, $47.34, $46.59. A 15% discount applies to everything. About how much do you pay?", "exact_value": 131.33, "model": "qwen/qwen2.5-3b-instruct", "provider": "transformers", "response": "Final answer: 114", "numeric_answer": 114.0, "relative_error": 0.13195766390009908, "thinking_text": null, "has_tool_call": false, "tool_call": null, "usage": {"prompt_tokens": 189, "completion_tokens": 8, "total_tokens": 197, "token_count_source": "tokenizer"}, "decoding": {"temperature": 0.2, "top_p": null, "top_k": null, "max_tokens": 256, "seed": 42}, "prompt_tokens": 189, "completion_tokens": 8, "total_tokens": 197, "token_count_source": "tokenizer", "diffusion_steps": null, "flops_estimate": null, "flops_arch": null, "flops_model_params": null, "flops_active_params": null, "tokens_non_final": 3, "tokens_reasoning": 0, "tokens_response": 3, "elapsed_seconds": 0.2799968719482422, "judgement": "Good approximation"}
{"id": "discounts_001683", "topic": "discounts", "subtopic": "threshold", "prompt": "Threshold coupon applies: $10 off $50+ spend. Cart: $26.16, $9.78, $26.05, $18.31, $13.69. About how much do you pay?", "exact_value": 83.99, "model": "qwen/qwen2.5-3b-instruct", "provider": "transformers", "response": "Final answer: 15", "numeric_answer": 15.0, "relative_error": 0.8214073103940945, "thinking_text": null, "has_tool_call": false, "tool_call": null, "usage": {"prompt_tokens": 199, "completion_tokens": 7, "total_tokens": 206, "token_count_source": "tokenizer"}, "decoding": {"temperature": 0.2, "top_p": null, "top_k": null, "max_tokens": 256, "seed": 42}, "prompt_tokens": 199, "completion_tokens": 7, "total_tokens": 206, "token_count_source": "tokenizer", "diffusion_steps": null, "flops_estimate": null, "flops_arch": null, "flops_model_params": null, "flops_active_params": null, "tokens_non_final": 3, "tokens_reasoning": 0, "tokens_response": 3, "elapsed_seconds": 0.2530074119567871, "judgement": "Way off"}
{"id": "discounts_001703", "topic": "discounts", "subtopic": "percent", "prompt": "Cart: $19.62, $31.18, $3.11, $24.12. A 30% discount applies to everything. About how much do you pay?", "exact_value": 54.62, "model": "qwen/qwen2.5-3b-instruct", "provider": "transformers", "response": "Final answer: 73", "numeric_answer": 73.0, "relative_error": 0.3365067740754303, "thinking_text": null, "has_tool_call": false, "tool_call": null, "usage": {"prompt_tokens": 188, "completion_tokens": 7, "total_tokens": 195, "token_count_source": "tokenizer"}, "decoding": {"temperature": 0.2, "top_p": null, "top_k": null, "max_tokens": 256, "seed": 42}, "prompt_tokens": 188, "completion_tokens": 7, "total_tokens": 195, "token_count_source": "tokenizer", "diffusion_steps": null, "flops_estimate": null, "flops_arch": null, "flops_model_params": null, "flops_active_params": null, "tokens_non_final": 3, "tokens_reasoning": 0, "tokens_response": 3, "elapsed_seconds": 0.24221491813659668, "judgement": "Mildly off"}
{"id": "discounts_001723", "topic": "discounts", "subtopic": "buy_n_get_m", "prompt": "Buy 4 get 2 free on items priced $2.55 each. You take 8 total. About how much do you pay?", "exact_value": 15.3, "model": "qwen/qwen2.5-3b-instruct", "provider": "transformers", "response": "Final answer: 16", "numeric_answer": 16.0, "relative_error": 0.04575163398692805, "thinking_text": null, "has_tool_call": false, "tool_call": null, "usage": {"prompt_tokens": 172, "completion_tokens": 7, "total_tokens": 179, "token_count_source": "tokenizer"}, "decoding": {"temperature": 0.2, "top_p": null, "top_k": null, "max_tokens": 256, "seed": 42}, "prompt_tokens": 172, "completion_tokens": 7, "total_tokens": 179, "token_count_source": "tokenizer", "diffusion_steps": null, "flops_estimate": null, "flops_arch": null, "flops_model_params": null, "flops_active_params": null, "tokens_non_final": 3, "tokens_reasoning": 0, "tokens_response": 3, "elapsed_seconds": 0.25170063972473145, "judgement": "Good approximation"}
{"id": "discounts_001743", "topic": "discounts", "subtopic": "threshold", "prompt": "Threshold coupon applies: $5 off $30+ spend. Cart: $4.15, $6.42, $8.97. About how much do you pay?", "exact_value": 19.54, "model": "qwen/qwen2.5-3b-instruct", "provider": "transformers", "response": "Final answer: 10", "numeric_answer": 10.0, "relative_error": 0.48822927328556803, "thinking_text": null, "has_tool_call": false, "tool_call": null, "usage": {"prompt_tokens": 182, "completion_tokens": 7, "total_tokens": 189, "token_count_source": "tokenizer"}, "decoding": {"temperature": 0.2, "top_p": null, "top_k": null, "max_tokens": 256, "seed": 42}, "prompt_tokens": 182, "completion_tokens": 7, "total_tokens": 189, "token_count_source": "tokenizer", "diffusion_steps": null, "flops_estimate": null, "flops_arch": null, "flops_model_params": null, "flops_active_params": null, "tokens_non_final": 3, "tokens_reasoning": 0, "tokens_response": 3, "elapsed_seconds": 0.2633814811706543, "judgement": "Mildly off"}
{"id": "discounts_001763", "topic": "discounts", "subtopic": "bogo", "prompt": "BOGO sale (buy one, get one free; free item is the cheaper one in each pair). Items: $12.69, $11.21, $2.47. About how much do you pay?", "exact_value": 15.16, "model": "qwen/qwen2.5-3b-instruct", "provider": "transformers", "response": "Final answer: 23", "numeric_answer": 23.0, "relative_error": 0.5171503957783641, "thinking_text": null, "has_tool_call": false, "tool_call": null, "usage": {"prompt_tokens": 192, "completion_tokens": 7, "total_tokens": 199, "token_count_source": "tokenizer"}, "decoding": {"temperature": 0.2, "top_p": null, "top_k": null, "max_tokens": 256, "seed": 42}, "prompt_tokens": 192, "completion_tokens": 7, "total_tokens": 199, "token_count_source": "tokenizer", "diffusion_steps": null, "flops_estimate": null, "flops_arch": null, "flops_model_params": null, "flops_active_params": null, "tokens_non_final": 3, "tokens_reasoning": 0, "tokens_response": 3, "elapsed_seconds": 0.2515885829925537, "judgement": "Mildly off"}
{"id": "discounts_001783", "topic": "discounts", "subtopic": "stacked", "prompt": "Stacked deal: 15% off, then $5 coupon if you spend $40 or more. Cart: $7.00, $16.49, $25.56, $15.94, $17.74, $31.47. About how much do you pay?", "exact_value": 92.07, "model": "qwen/qwen2.5-3b-instruct", "provider": "transformers", "response": "Final answer: 20", "numeric_answer": 20.0, "relative_error": 0.7827739763223635, "thinking_text": null, "has_tool_call": false, "tool_call": null, "usage": {"prompt_tokens": 215, "completion_tokens": 7, "total_tokens": 222, "token_count_source": "tokenizer"}, "decoding": {"temperature": 0.2, "top_p": null, "top_k": null, "max_tokens": 256, "seed": 42}, "prompt_tokens": 215, "completion_tokens": 7, "total_tokens": 222, "token_count_source": "tokenizer", "diffusion_steps": null, "flops_estimate": null, "flops_arch": null, "flops_model_params": null, "flops_active_params": null, "tokens_non_final": 3, "tokens_reasoning": 0, "tokens_response": 3, "elapsed_seconds": 0.24588632583618164, "judgement": "Way off"}
{"id": "discounts_001803", "topic": "discounts", "subtopic": "stacked", "prompt": "Stacked deal: 20% off, then $5 coupon if you spend $30 or more. Cart: $33.03, $6.30, $5.14, $29.72. About how much do you pay?", "exact_value": 54.35, "model": "qwen/qwen2.5-3b-instruct", "provider": "transformers", "response": "Final answer: 20", "numeric_answer": 20.0, "relative_error": 0.6320147194112236, "thinking_text": null, "has_tool_call": false, "tool_call": null, "usage": {"prompt_tokens": 200, "completion_tokens": 7, "total_tokens": 207, "token_count_source": "tokenizer"}, "decoding": {"temperature": 0.2, "top_p": null, "top_k": null, "max_tokens": 256, "seed": 42}, "prompt_tokens": 200, "completion_tokens": 7, "total_tokens": 207, "token_count_source": "tokenizer", "diffusion_steps": null, "flops_estimate": null, "flops_arch": null, "flops_model_params": null, "flops_active_params": null, "tokens_non_final": 3, "tokens_reasoning": 0, "tokens_response": 3, "elapsed_seconds": 0.2452988624572754, "judgement": "Way off"}
{"id": "discounts_001823", "topic": "discounts", "subtopic": "bogo", "prompt": "BOGO sale (buy one, get one free; free item is the cheaper one in each pair). Items: $12.69, $12.41, $11.69, $9.51. About how much do you pay?", "exact_value": 24.38, "model": "qwen/qwen2.5-3b-instruct", "provider": "transformers", "response": "Final answer: 31", "numeric_answer": 31.0, "relative_error": 0.27153404429860545, "thinking_text": null, "has_tool_call": false, "tool_call": null, "usage": {"prompt_tokens": 199, "completion_tokens": 7, "total_tokens": 206, "token_count_source": "tokenizer"}, "decoding": {"temperature": 0.2, "top_p": null, "top_k": null, "max_tokens": 256, "seed": 42}, "prompt_tokens": 199, "completion_tokens": 7, "total_tokens": 206, "token_count_source": "tokenizer", "diffusion_steps": null, "flops_estimate": null, "flops_arch": null, "flops_model_params": null, "flops_active_params": null, "tokens_non_final": 3, "tokens_reasoning": 0, "tokens_response": 3, "elapsed_seconds": 0.24223875999450684, "judgement": "Mildly off"}
{"id": "discounts_001843", "topic": "discounts", "subtopic": "buy_n_get_m", "prompt": "Buy 4 get 2 free on items priced $5.69 each. You take 7 total. About how much do you pay?", "exact_value": 28.45, "model": "qwen/qwen2.5-3b-instruct", "provider": "transformers", "response": "Final answer: 2", "numeric_answer": 2.0, "relative_error": 0.929701230228471, "thinking_text": null, "has_tool_call": false, "tool_call": null, "usage": {"prompt_tokens": 172, "completion_tokens": 6, "total_tokens": 178, "token_count_source": "tokenizer"}, "decoding": {"temperature": 0.2, "top_p": null, "top_k": null, "max_tokens": 256, "seed": 42}, "prompt_tokens": 172, "completion_tokens": 6, "total_tokens": 178, "token_count_source": "tokenizer", "diffusion_steps": null, "flops_estimate": null, "flops_arch": null, "flops_model_params": null, "flops_active_params": null, "tokens_non_final": 3, "tokens_reasoning": 0, "tokens_response": 3, "elapsed_seconds": 0.21311712265014648, "judgement": "Way off"}
{"id": "discounts_001863", "topic": "discounts", "subtopic": "percent", "prompt": "Cart: $49.70, $10.83, $19.81, $44.58. A 20% discount applies to everything. About how much do you pay?", "exact_value": 99.94, "model": "qwen/qwen2.5-3b-instruct", "provider": "transformers", "response": "Final answer: 132", "numeric_answer": 132.0, "relative_error": 0.3207924754852912, "thinking_text": null, "has_tool_call": false, "tool_call": null, "usage": {"prompt_tokens": 189, "completion_tokens": 8, "total_tokens": 197, "token_count_source": "tokenizer"}, "decoding": {"temperature": 0.2, "top_p": null, "top_k": null, "max_tokens": 256, "seed": 42}, "prompt_tokens": 189, "completion_tokens": 8, "total_tokens": 197, "token_count_source": "tokenizer", "diffusion_steps": null, "flops_estimate": null, "flops_arch": null, "flops_model_params": null, "flops_active_params": null, "tokens_non_final": 3, "tokens_reasoning": 0, "tokens_response": 3, "elapsed_seconds": 0.28275465965270996, "judgement": "Mildly off"}
{"id": "taxes_000125", "topic": "taxes", "subtopic": "pre_discount_tax", "prompt": "Cart: $17.54, $53.38, $24.54, $55.21. Local sales tax is 6.0% (tax calculated before discount). About how much is the total?", "exact_value": 159.71, "model": "qwen/qwen2.5-3b-instruct", "provider": "transformers", "response": "Final answer: 119", "numeric_answer": 119.0, "relative_error": 0.2548995053534532, "thinking_text": null, "has_tool_call": false, "tool_call": null, "usage": {"prompt_tokens": 194, "completion_tokens": 8, "total_tokens": 202, "token_count_source": "tokenizer"}, "decoding": {"temperature": 0.2, "top_p": null, "top_k": null, "max_tokens": 256, "seed": 42}, "prompt_tokens": 194, "completion_tokens": 8, "total_tokens": 202, "token_count_source": "tokenizer", "diffusion_steps": null, "flops_estimate": null, "flops_arch": null, "flops_model_params": null, "flops_active_params": null, "tokens_non_final": 3, "tokens_reasoning": 0, "tokens_response": 3, "elapsed_seconds": 0.2790107727050781, "judgement": "Mildly off"}
{"id": "taxes_000145", "topic": "taxes", "subtopic": "post_discount_tax", "prompt": "Cart: $18.69, $24.12, $48.37 with a 15% store discount. Local sales tax is 8.5% (tax after discount). About how much is the total?", "exact_value": 84.09, "model": "qwen/qwen2.5-3b-instruct", "provider": "transformers", "response": "Final answer: 88", "numeric_answer": 88.0, "relative_error": 0.04649779997621592, "thinking_text": null, "has_tool_call": false, "tool_call": null, "usage": {"prompt_tokens": 194, "completion_tokens": 7, "total_tokens": 201, "token_count_source": "tokenizer"}, "decoding": {"temperature": 0.2, "top_p": null, "top_k": null, "max_tokens": 256, "seed": 42}, "prompt_tokens": 194, "completion_tokens": 7, "total_tokens": 201, "token_count_source": "tokenizer", "diffusion_steps": null, "flops_estimate": null, "flops_arch": null, "flops_model_params": null, "flops_active_params": null, "tokens_non_final": 3, "tokens_reasoning": 0, "tokens_response": 3, "elapsed_seconds": 0.24892544746398926, "judgement": "Good approximation"}
{"id": "taxes_000165", "topic": "taxes", "subtopic": "post_discount_tax", "prompt": "Cart: $36.35, $28.85, $37.41, $21.33. Local sales tax is 7.0% (tax after discount). About how much is the total?", "exact_value": 132.62, "model": "qwen/qwen2.5-3b-instruct", "provider": "transformers", "response": "Final answer: 129", "numeric_answer": 129.0, "relative_error": 0.02729603378072692, "thinking_text": null, "has_tool_call": false, "tool_call": null, "usage": {"prompt_tokens": 193, "completion_tokens": 8, "total_tokens": 201, "token_count_source": "tokenizer"}, "decoding": {"temperature": 0.2, "top_p": null, "top_k": null, "max_tokens": 256, "seed": 42}, "prompt_tokens": 193, "completion_tokens": 8, "total_tokens": 201, "token_count_source": "tokenizer", "diffusion_steps": null, "flops_estimate": null, "flops_arch": null, "flops_model_params": null, "flops_active_params": null, "tokens_non_final": 3, "tokens_reasoning": 0, "tokens_response": 3, "elapsed_seconds": 0.272188663482666, "judgement": "Good approximation"}
{"id": "taxes_000185", "topic": "taxes", "subtopic": "post_discount_tax", "prompt": "Cart: $39.06, $55.17, $5.30 with a 10% store discount. Local sales tax is 8.5% (tax after discount). About how much is the total?", "exact_value": 97.19, "model": "qwen/qwen2.5-3b-instruct", "provider": "transformers", "response": "Final answer: 12", "numeric_answer": 12.0, "relative_error": 0.8765305072538327, "thinking_text": null, "has_tool_call": false, "tool_call": null, "usage": {"prompt_tokens": 193, "completion_tokens": 7, "total_tokens": 200, "token_count_source": "tokenizer"}, "decoding": {"temperature": 0.2, "top_p": null, "top_k": null, "max_tokens": 256, "seed": 42}, "prompt_tokens": 193, "completion_tokens": 7, "total_tokens": 200, "token_count_source": "tokenizer", "diffusion_steps": null, "flops_estimate": null, "flops_arch": null, "flops_model_params": null, "flops_active_params": null, "tokens_non_final": 3, "tokens_reasoning": 0, "tokens_response": 3, "elapsed_seconds": 0.24654769897460938, "judgement": "Way off"}
{"id": "taxes_000205", "topic": "taxes", "subtopic": "post_discount_tax", "prompt": "Cart: $32.18, $47.34 with a 15% store discount. Local sales tax is 7.5% (tax after discount). About how much is the total?", "exact_value": 72.66, "model": "qwen/qwen2.5-3b-instruct", "provider": "transformers", "response": "Final answer: 9", "numeric_answer": 9.0, "relative_error": 0.8761354252683733, "thinking_text": null, "has_tool_call": false, "tool_call": null, "usage": {"prompt_tokens": 187, "completion_tokens": 6, "total_tokens": 193, "token_count_source": "tokenizer"}, "decoding": {"temperature": 0.2, "top_p": null, "top_k": null, "max_tokens": 256, "seed": 42}, "prompt_tokens": 187, "completion_tokens": 6, "total_tokens": 193, "token_count_source": "tokenizer", "diffusion_steps": null, "flops_estimate": null, "flops_arch": null, "flops_model_params": null, "flops_active_params": null, "tokens_non_final": 3, "tokens_reasoning": 0, "tokens_response": 3, "elapsed_seconds": 0.2085585594177246, "judgement": "Way off"}
{"id": "taxes_000225", "topic": "taxes", "subtopic": "pre_discount_tax", "prompt": "Cart: $46.98, $51.52 with a 20% store discount. Local sales tax is 7.0% (tax calculated before discount). About how much is the total?", "exact_value": 85.7, "model": "qwen/qwen2.5-3b-instruct", "provider": "transformers", "response": "Final answer: 93", "numeric_answer": 93.0, "relative_error": 0.08518086347724617, "thinking_text": null, "has_tool_call": false, "tool_call": null, "usage": {"prompt_tokens": 188, "completion_tokens": 7, "total_tokens": 195, "token_count_source": "tokenizer"}, "decoding": {"temperature": 0.2, "top_p": null, "top_k": null, "max_tokens": 256, "seed": 42}, "prompt_tokens": 188, "completion_tokens": 7, "total_tokens": 195, "token_count_source": "tokenizer", "diffusion_steps": null, "flops_estimate": null, "flops_arch": null, "flops_model_params": null, "flops_active_params": null, "tokens_non_final": 3, "tokens_reasoning": 0, "tokens_response": 3, "elapsed_seconds": 0.24691128730773926, "judgement": "Good approximation"}
{"id": "taxes_000245", "topic": "taxes", "subtopic": "post_discount_tax", "prompt": "Cart: $7.93, $42.44 with a 20% store discount. Local sales tax is 8.5% (tax after discount). About how much is the total?", "exact_value": 43.72, "model": "qwen/qwen2.5-3b-instruct", "provider": "transformers", "response": "Final answer: 5", "numeric_answer": 5.0, "relative_error": 0.8856358645928637, "thinking_text": null, "has_tool_call": false, "tool_call": null, "usage": {"prompt_tokens": 186, "completion_tokens": 6, "total_tokens": 192, "token_count_source": "tokenizer"}, "decoding": {"temperature": 0.2, "top_p": null, "top_k": null, "max_tokens": 256, "seed": 42}, "prompt_tokens": 186, "completion_tokens": 6, "total_tokens": 192, "token_count_source": "tokenizer", "diffusion_steps": null, "flops_estimate": null, "flops_arch": null, "flops_model_params": null, "flops_active_params": null, "tokens_non_final": 3, "tokens_reasoning": 0, "tokens_response": 3, "elapsed_seconds": 0.21053528785705566, "judgement": "Way off"}
{"id": "taxes_000265", "topic": "taxes", "subtopic": "pre_discount_tax", "prompt": "Cart: $49.77, $52.43 with a 15% store discount. Local sales tax is 7.0% (tax calculated before discount). About how much is the total?", "exact_value": 94.02, "model": "qwen/qwen2.5-3b-instruct", "provider": "transformers", "response": "Final answer: 108", "numeric_answer": 108.0, "relative_error": 0.14869176770899814, "thinking_text": null, "has_tool_call": false, "tool_call": null, "usage": {"prompt_tokens": 188, "completion_tokens": 8, "total_tokens": 196, "token_count_source": "tokenizer"}, "decoding": {"temperature": 0.2, "top_p": null, "top_k": null, "max_tokens": 256, "seed": 42}, "prompt_tokens": 188, "completion_tokens": 8, "total_tokens": 196, "token_count_source": "tokenizer", "diffusion_steps": null, "flops_estimate": null, "flops_arch": null, "flops_model_params": null, "flops_active_params": null, "tokens_non_final": 3, "tokens_reasoning": 0, "tokens_response": 3, "elapsed_seconds": 0.27252650260925293, "judgement": "Good approximation"}
{"id": "taxes_000285", "topic": "taxes", "subtopic": "pre_discount_tax", "prompt": "Cart: $55.10, $57.04, $26.06. Local sales tax is 8.0% (tax calculated before discount). About how much is the total?", "exact_value": 149.26, "model": "qwen/qwen2.5-3b-instruct", "provider": "transformers", "response": "Final answer: 139", "numeric_answer": 139.0, "relative_error": 0.06873911295725574, "thinking_text": null, "has_tool_call": false, "tool_call": null, "usage": {"prompt_tokens": 187, "completion_tokens": 8, "total_tokens": 195, "token_count_source": "tokenizer"}, "decoding": {"temperature": 0.2, "top_p": null, "top_k": null, "max_tokens": 256, "seed": 42}, "prompt_tokens": 187, "completion_tokens": 8, "total_tokens": 195, "token_count_source": "tokenizer", "diffusion_steps": null, "flops_estimate": null, "flops_arch": null, "flops_model_params": null, "flops_active_params": null, "tokens_non_final": 3, "tokens_reasoning": 0, "tokens_response": 3, "elapsed_seconds": 0.2752695083618164, "judgement": "Good approximation"}
{"id": "taxes_000305", "topic": "taxes", "subtopic": "post_discount_tax", "prompt": "Cart: $11.77, $16.54, $39.43, $8.08 with a 15% store discount. Local sales tax is 8.0% (tax after discount). About how much is the total?", "exact_value": 69.6, "model": "qwen/qwen2.5-3b-instruct", "provider": "transformers", "response": "Final answer: 92", "numeric_answer": 92.0, "relative_error": 0.3218390804597702, "thinking_text": null, "has_tool_call": false, "tool_call": null, "usage": {"prompt_tokens": 200, "completion_tokens": 7, "total_tokens": 207, "token_count_source": "tokenizer"}, "decoding": {"temperature": 0.2, "top_p": null, "top_k": null, "max_tokens": 256, "seed": 42}, "prompt_tokens": 200, "completion_tokens": 7, "total_tokens": 207, "token_count_source": "tokenizer", "diffusion_steps": null, "flops_estimate": null, "flops_arch": null, "flops_model_params": null, "flops_active_params": null, "tokens_non_final": 3, "tokens_reasoning": 0, "tokens_response": 3, "elapsed_seconds": 0.24405479431152344, "judgement": "Mildly off"}
{"id": "taxes_000325", "topic": "taxes", "subtopic": "post_discount_tax", "prompt": "Cart: $39.73, $18.58, $45.77, $3.63, $35.20 with a 20% store discount. Local sales tax is 6.0% (tax after discount). About how much is the total?", "exact_value": 121.19, "model": "qwen/qwen2.5-3b-instruct", "provider": "transformers", "response": "Final answer: 113", "numeric_answer": 113.0, "relative_error": 0.06757983331958081, "thinking_text": null, "has_tool_call": false, "tool_call": null, "usage": {"prompt_tokens": 207, "completion_tokens": 8, "total_tokens": 215, "token_count_source": "tokenizer"}, "decoding": {"temperature": 0.2, "top_p": null, "top_k": null, "max_tokens": 256, "seed": 42}, "prompt_tokens": 207, "completion_tokens": 8, "total_tokens": 215, "token_count_source": "tokenizer", "diffusion_steps": null, "flops_estimate": null, "flops_arch": null, "flops_model_params": null, "flops_active_params": null, "tokens_non_final": 3, "tokens_reasoning": 0, "tokens_response": 3, "elapsed_seconds": 0.2826533317565918, "judgement": "Good approximation"}
{"id": "taxes_000345", "topic": "taxes", "subtopic": "post_discount_tax", "prompt": "Cart: $24.56, $46.80, $5.58, $29.56 with a 20% store discount. Local sales tax is 7.0% (tax after discount). About how much is the total?", "exact_value": 91.16, "model": "qwen/qwen2.5-3b-instruct", "provider": "transformers", "response": "Final answer: 13", "numeric_answer": 13.0, "relative_error": 0.8573935936814392, "thinking_text": null, "has_tool_call": false, "tool_call": null, "usage": {"prompt_tokens": 200, "completion_tokens": 7, "total_tokens": 207, "token_count_source": "tokenizer"}, "decoding": {"temperature": 0.2, "top_p": null, "top_k": null, "max_tokens": 256, "seed": 42}, "prompt_tokens": 200, "completion_tokens": 7, "total_tokens": 207, "token_count_source": "tokenizer", "diffusion_steps": null, "flops_estimate": null, "flops_arch": null, "flops_model_params": null, "flops_active_params": null, "tokens_non_final": 3, "tokens_reasoning": 0, "tokens_response": 3, "elapsed_seconds": 0.24538493156433105, "judgement": "Way off"}
{"id": "taxes_000365", "topic": "taxes", "subtopic": "pre_discount_tax", "prompt": "Cart: $25.08, $28.92, $32.37 with a 15% store discount. Local sales tax is 6.0% (tax calculated before discount). About how much is the total?", "exact_value": 78.6, "model": "qwen/qwen2.5-3b-instruct", "provider": "transformers", "response": "Final answer: 84", "numeric_answer": 84.0, "relative_error": 0.06870229007633595, "thinking_text": null, "has_tool_call": false, "tool_call": null, "usage": {"prompt_tokens": 195, "completion_tokens": 7, "total_tokens": 202, "token_count_source": "tokenizer"}, "decoding": {"temperature": 0.2, "top_p": null, "top_k": null, "max_tokens": 256, "seed": 42}, "prompt_tokens": 195, "completion_tokens": 7, "total_tokens": 202, "token_count_source": "tokenizer", "diffusion_steps": null, "flops_estimate": null, "flops_arch": null, "flops_model_params": null, "flops_active_params": null, "tokens_non_final": 3, "tokens_reasoning": 0, "tokens_response": 3, "elapsed_seconds": 0.24678421020507812, "judgement": "Good approximation"}
{"id": "taxes_000385", "topic": "taxes", "subtopic": "pre_discount_tax", "prompt": "Cart: $51.59, $30.61, $22.59, $17.83 with a 10% store discount. Local sales tax is 8.5% (tax calculated before discount). About how much is the total?", "exact_value": 120.78, "model": "qwen/qwen2.5-3b-instruct", "provider": "transformers", "response": "Final answer: 14", "numeric_answer": 14.0, "relative_error": 0.8840867693326709, "thinking_text": null, "has_tool_call": false, "tool_call": null, "usage": {"prompt_tokens": 202, "completion_tokens": 7, "total_tokens": 209, "token_count_source": "tokenizer"}, "decoding": {"temperature": 0.2, "top_p": null, "top_k": null, "max_tokens": 256, "seed": 42}, "prompt_tokens": 202, "completion_tokens": 7, "total_tokens": 209, "token_count_source": "tokenizer", "diffusion_steps": null, "flops_estimate": null, "flops_arch": null, "flops_model_params": null, "flops_active_params": null, "tokens_non_final": 3, "tokens_reasoning": 0, "tokens_response": 3, "elapsed_seconds": 0.24622893333435059, "judgement": "Way off"}
{"id": "taxes_000405", "topic": "taxes", "subtopic": "pre_discount_tax", "prompt": "Cart: $53.39, $53.80, $28.30, $24.65, $5.80 with a 20% store discount. Local sales tax is 7.0% (tax calculated before discount). About how much is the total?", "exact_value": 144.37, "model": "qwen/qwen2.5-3b-instruct", "provider": "transformers", "response": "Final answer: 13", "numeric_answer": 13.0, "relative_error": 0.9099535914663711, "thinking_text": null, "has_tool_call": false, "tool_call": null, "usage": {"prompt_tokens": 208, "completion_tokens": 7, "total_tokens": 215, "token_count_source": "tokenizer"}, "decoding": {"temperature": 0.2, "top_p": null, "top_k": null, "max_tokens": 256, "seed": 42}, "prompt_tokens": 208, "completion_tokens": 7, "total_tokens": 215, "token_count_source": "tokenizer", "diffusion_steps": null, "flops_estimate": null, "flops_arch": null, "flops_model_params": null, "flops_active_params": null, "tokens_non_final": 3, "tokens_reasoning": 0, "tokens_response": 3, "elapsed_seconds": 0.24917244911193848, "judgement": "Way off"}
{"id": "taxes_000425", "topic": "taxes", "subtopic": "post_discount_tax", "prompt": "Cart: $22.61, $7.97, $56.54, $11.80. Local sales tax is 7.0% (tax after discount). About how much is the total?", "exact_value": 105.84, "model": "qwen/qwen2.5-3b-instruct", "provider": "transformers", "response": "Final answer: 13", "numeric_answer": 13.0, "relative_error": 0.8771730914588057, "thinking_text": null, "has_tool_call": false, "tool_call": null, "usage": {"prompt_tokens": 192, "completion_tokens": 7, "total_tokens": 199, "token_count_source": "tokenizer"}, "decoding": {"temperature": 0.2, "top_p": null, "top_k": null, "max_tokens": 256, "seed": 42}, "prompt_tokens": 192, "completion_tokens": 7, "total_tokens": 199, "token_count_source": "tokenizer", "diffusion_steps": null, "flops_estimate": null, "flops_arch": null, "flops_model_params": null, "flops_active_params": null, "tokens_non_final": 3, "tokens_reasoning": 0, "tokens_response": 3, "elapsed_seconds": 0.2543938159942627, "judgement": "Way off"}
{"id": "taxes_000445", "topic": "taxes", "subtopic": "pre_discount_tax", "prompt": "Cart: $46.59, $16.28. Local sales tax is 8.5% (tax calculated before discount). About how much is the total?", "exact_value": 68.21, "model": "qwen/qwen2.5-3b-instruct", "provider": "transformers", "response": "Final answer: 71", "numeric_answer": 71.0, "relative_error": 0.04090309338806636, "thinking_text": null, "has_tool_call": false, "tool_call": null, "usage": {"prompt_tokens": 180, "completion_tokens": 7, "total_tokens": 187, "token_count_source": "tokenizer"}, "decoding": {"temperature": 0.2, "top_p": null, "top_k": null, "max_tokens": 256, "seed": 42}, "prompt_tokens": 180, "completion_tokens": 7, "total_tokens": 187, "token_count_source": "tokenizer", "diffusion_steps": null, "flops_estimate": null, "flops_arch": null, "flops_model_params": null, "flops_active_params": null, "tokens_non_final": 3, "tokens_reasoning": 0, "tokens_response": 3, "elapsed_seconds": 0.24231815338134766, "judgement": "Good approximation"}
{"id": "taxes_000465", "topic": "taxes", "subtopic": "pre_discount_tax", "prompt": "Cart: $4.60, $30.69, $19.15 with a 10% store discount. Local sales tax is 7.0% (tax calculated before discount). About how much is the total?", "exact_value": 52.81, "model": "qwen/qwen2.5-3b-instruct", "provider": "transformers", "response": "Final answer: 82", "numeric_answer": 82.0, "relative_error": 0.552736224199962, "thinking_text": null, "has_tool_call": false, "tool_call": null, "usage": {"prompt_tokens": 194, "completion_tokens": 7, "total_tokens": 201, "token_count_source": "tokenizer"}, "decoding": {"temperature": 0.2, "top_p": null, "top_k": null, "max_tokens": 256, "seed": 42}, "prompt_tokens": 194, "completion_tokens": 7, "total_tokens": 201, "token_count_source": "tokenizer", "diffusion_steps": null, "flops_estimate": null, "flops_arch": null, "flops_model_params": null, "flops_active_params": null, "tokens_non_final": 3, "tokens_reasoning": 0, "tokens_response": 3, "elapsed_seconds": 0.251051664352417, "judgement": "Mildly off"}
{"id": "taxes_000485", "topic": "taxes", "subtopic": "post_discount_tax", "prompt": "Cart: $34.84, $9.92, $58.12 with a 15% store discount. Local sales tax is 8.0% (tax after discount). About how much is the total?", "exact_value": 94.44, "model": "qwen/qwen2.5-3b-instruct", "provider": "transformers", "response": "Final answer: 136", "numeric_answer": 136.0, "relative_error": 0.44006776789495977, "thinking_text": null, "has_tool_call": false, "tool_call": null, "usage": {"prompt_tokens": 193, "completion_tokens": 8, "total_tokens": 201, "token_count_source": "tokenizer"}, "decoding": {"temperature": 0.2, "top_p": null, "top_k": null, "max_tokens": 256, "seed": 42}, "prompt_tokens": 193, "completion_tokens": 8, "total_tokens": 201, "token_count_source": "tokenizer", "diffusion_steps": null, "flops_estimate": null, "flops_arch": null, "flops_model_params": null, "flops_active_params": null, "tokens_non_final": 3, "tokens_reasoning": 0, "tokens_response": 3, "elapsed_seconds": 0.28629326820373535, "judgement": "Mildly off"}
{"id": "taxes_000505", "topic": "taxes", "subtopic": "post_discount_tax", "prompt": "Cart: $21.24, $18.83, $46.12, $12.11, $38.47 with a 15% store discount. Local sales tax is 7.0% (tax after discount). About how much is the total?", "exact_value": 124.39, "model": "qwen/qwen2.5-3b-instruct", "provider": "transformers", "response": "Final answer: 94", "numeric_answer": 94.0, "relative_error": 0.24431224374949756, "thinking_text": null, "has_tool_call": false, "tool_call": null, "usage": {"prompt_tokens": 208, "completion_tokens": 7, "total_tokens": 215, "token_count_source": "tokenizer"}, "decoding": {"temperature": 0.2, "top_p": null, "top_k": null, "max_tokens": 256, "seed": 42}, "prompt_tokens": 208, "completion_tokens": 7, "total_tokens": 215, "token_count_source": "tokenizer", "diffusion_steps": null, "flops_estimate": null, "flops_arch": null, "flops_model_params": null, "flops_active_params": null, "tokens_non_final": 3, "tokens_reasoning": 0, "tokens_response": 3, "elapsed_seconds": 0.24790239334106445, "judgement": "Mildly off"}
{"id": "taxes_000525", "topic": "taxes", "subtopic": "pre_discount_tax", "prompt": "Cart: $40.81, $31.93, $33.24, $7.40. Local sales tax is 7.0% (tax calculated before discount). About how much is the total?", "exact_value": 121.32, "model": "qwen/qwen2.5-3b-instruct", "provider": "transformers", "response": "Final answer: 156", "numeric_answer": 156.0, "relative_error": 0.28585558852621173, "thinking_text": null, "has_tool_call": false, "tool_call": null, "usage": {"prompt_tokens": 193, "completion_tokens": 8, "total_tokens": 201, "token_count_source": "tokenizer"}, "decoding": {"temperature": 0.2, "top_p": null, "top_k": null, "max_tokens": 256, "seed": 42}, "prompt_tokens": 193, "completion_tokens": 8, "total_tokens": 201, "token_count_source": "tokenizer", "diffusion_steps": null, "flops_estimate": null, "flops_arch": null, "flops_model_params": null, "flops_active_params": null, "tokens_non_final": 3, "tokens_reasoning": 0, "tokens_response": 3, "elapsed_seconds": 0.28276729583740234, "judgement": "Mildly off"}
{"id": "taxes_000545", "topic": "taxes", "subtopic": "pre_discount_tax", "prompt": "Cart: $59.68, $15.72 with a 15% store discount. Local sales tax is 8.5% (tax calculated before discount). About how much is the total?", "exact_value": 70.5, "model": "qwen/qwen2.5-3b-instruct", "provider": "transformers", "response": "Final answer: 84", "numeric_answer": 84.0, "relative_error": 0.19148936170212766, "thinking_text": null, "has_tool_call": false, "tool_call": null, "usage": {"prompt_tokens": 188, "completion_tokens": 7, "total_tokens": 195, "token_count_source": "tokenizer"}, "decoding": {"temperature": 0.2, "top_p": null, "top_k": null, "max_tokens": 256, "seed": 42}, "prompt_tokens": 188, "completion_tokens": 7, "total_tokens": 195, "token_count_source": "tokenizer", "diffusion_steps": null, "flops_estimate": null, "flops_arch": null, "flops_model_params": null, "flops_active_params": null, "tokens_non_final": 3, "tokens_reasoning": 0, "tokens_response": 3, "elapsed_seconds": 0.2397291660308838, "judgement": "Good approximation"}
{"id": "taxes_000565", "topic": "taxes", "subtopic": "pre_discount_tax", "prompt": "Cart: $26.85, $46.69, $42.49 with a 10% store discount. Local sales tax is 8.0% (tax calculated before discount). About how much is the total?", "exact_value": 113.71, "model": "qwen/qwen2.5-3b-instruct", "provider": "transformers", "response": "Final answer: 73", "numeric_answer": 73.0, "relative_error": 0.3580160056283528, "thinking_text": null, "has_tool_call": false, "tool_call": null, "usage": {"prompt_tokens": 195, "completion_tokens": 7, "total_tokens": 202, "token_count_source": "tokenizer"}, "decoding": {"temperature": 0.2, "top_p": null, "top_k": null, "max_tokens": 256, "seed": 42}, "prompt_tokens": 195, "completion_tokens": 7, "total_tokens": 202, "token_count_source": "tokenizer", "diffusion_steps": null, "flops_estimate": null, "flops_arch": null, "flops_model_params": null, "flops_active_params": null, "tokens_non_final": 3, "tokens_reasoning": 0, "tokens_response": 3, "elapsed_seconds": 0.2437448501586914, "judgement": "Mildly off"}
{"id": "taxes_000585", "topic": "taxes", "subtopic": "pre_discount_tax", "prompt": "Cart: $39.46, $16.46, $27.60 with a 15% store discount. Local sales tax is 7.5% (tax calculated before discount). About how much is the total?", "exact_value": 77.26, "model": "qwen/qwen2.5-3b-instruct", "provider": "transformers", "response": "Final answer: 84", "numeric_answer": 84.0, "relative_error": 0.08723789800673044, "thinking_text": null, "has_tool_call": false, "tool_call": null, "usage": {"prompt_tokens": 195, "completion_tokens": 7, "total_tokens": 202, "token_count_source": "tokenizer"}, "decoding": {"temperature": 0.2, "top_p": null, "top_k": null, "max_tokens": 256, "seed": 42}, "prompt_tokens": 195, "completion_tokens": 7, "total_tokens": 202, "token_count_source": "tokenizer", "diffusion_steps": null, "flops_estimate": null, "flops_arch": null, "flops_model_params": null, "flops_active_params": null, "tokens_non_final": 3, "tokens_reasoning": 0, "tokens_response": 3, "elapsed_seconds": 0.2519550323486328, "judgement": "Good approximation"}
{"id": "taxes_000605", "topic": "taxes", "subtopic": "post_discount_tax", "prompt": "Cart: $56.51, $45.65, $41.70 with a 15% store discount. Local sales tax is 8.5% (tax after discount). About how much is the total?", "exact_value": 132.67, "model": "qwen/qwen2.5-3b-instruct", "provider": "transformers", "response": "Final answer: 15", "numeric_answer": 15.0, "relative_error": 0.8869375141328107, "thinking_text": null, "has_tool_call": false, "tool_call": null, "usage": {"prompt_tokens": 194, "completion_tokens": 7, "total_tokens": 201, "token_count_source": "tokenizer"}, "decoding": {"temperature": 0.2, "top_p": null, "top_k": null, "max_tokens": 256, "seed": 42}, "prompt_tokens": 194, "completion_tokens": 7, "total_tokens": 201, "token_count_source": "tokenizer", "diffusion_steps": null, "flops_estimate": null, "flops_arch": null, "flops_model_params": null, "flops_active_params": null, "tokens_non_final": 3, "tokens_reasoning": 0, "tokens_response": 3, "elapsed_seconds": 0.25319480895996094, "judgement": "Way off"}
{"id": "taxes_000625", "topic": "taxes", "subtopic": "post_discount_tax", "prompt": "Cart: $45.52, $11.14, $39.66 with a 15% store discount. Local sales tax is 7.5% (tax after discount). About how much is the total?", "exact_value": 88.01, "model": "qwen/qwen2.5-3b-instruct", "provider": "transformers", "response": "Final answer: 118", "numeric_answer": 118.0, "relative_error": 0.34075673218952385, "thinking_text": null, "has_tool_call": false, "tool_call": null, "usage": {"prompt_tokens": 194, "completion_tokens": 8, "total_tokens": 202, "token_count_source": "tokenizer"}, "decoding": {"temperature": 0.2, "top_p": null, "top_k": null, "max_tokens": 256, "seed": 42}, "prompt_tokens": 194, "completion_tokens": 8, "total_tokens": 202, "token_count_source": "tokenizer", "diffusion_steps": null, "flops_estimate": null, "flops_arch": null, "flops_model_params": null, "flops_active_params": null, "tokens_non_final": 3, "tokens_reasoning": 0, "tokens_response": 3, "elapsed_seconds": 0.28443193435668945, "judgement": "Mildly off"}
{"id": "taxes_000645", "topic": "taxes", "subtopic": "post_discount_tax", "prompt": "Cart: $49.33, $22.71, $22.30, $10.61 with a 10% store discount. Local sales tax is 8.0% (tax after discount). About how much is the total?", "exact_value": 102.01, "model": "qwen/qwen2.5-3b-instruct", "provider": "transformers", "response": "Final answer: 112", "numeric_answer": 112.0, "relative_error": 0.09793157533575134, "thinking_text": null, "has_tool_call": false, "tool_call": null, "usage": {"prompt_tokens": 201, "completion_tokens": 8, "total_tokens": 209, "token_count_source": "tokenizer"}, "decoding": {"temperature": 0.2, "top_p": null, "top_k": null, "max_tokens": 256, "seed": 42}, "prompt_tokens": 201, "completion_tokens": 8, "total_tokens": 209, "token_count_source": "tokenizer", "diffusion_steps": null, "flops_estimate": null, "flops_arch": null, "flops_model_params": null, "flops_active_params": null, "tokens_non_final": 3, "tokens_reasoning": 0, "tokens_response": 3, "elapsed_seconds": 0.2808549404144287, "judgement": "Good approximation"}
{"id": "taxes_000665", "topic": "taxes", "subtopic": "post_discount_tax", "prompt": "Cart: $34.33, $12.25, $33.01 with a 10% store discount. Local sales tax is 8.5% (tax after discount). About how much is the total?", "exact_value": 77.72, "model": "qwen/qwen2.5-3b-instruct", "provider": "transformers", "response": "Final answer: 92", "numeric_answer": 92.0, "relative_error": 0.18373648996397327, "thinking_text": null, "has_tool_call": false, "tool_call": null, "usage": {"prompt_tokens": 194, "completion_tokens": 7, "total_tokens": 201, "token_count_source": "tokenizer"}, "decoding": {"temperature": 0.2, "top_p": null, "top_k": null, "max_tokens": 256, "seed": 42}, "prompt_tokens": 194, "completion_tokens": 7, "total_tokens": 201, "token_count_source": "tokenizer", "diffusion_steps": null, "flops_estimate": null, "flops_arch": null, "flops_model_params": null, "flops_active_params": null, "tokens_non_final": 3, "tokens_reasoning": 0, "tokens_response": 3, "elapsed_seconds": 0.2509453296661377, "judgement": "Good approximation"}
{"id": "taxes_000685", "topic": "taxes", "subtopic": "post_discount_tax", "prompt": "Cart: $45.39, $47.08, $42.29, $28.76, $33.64. Local sales tax is 8.0% (tax after discount). About how much is the total?", "exact_value": 212.93, "model": "qwen/qwen2.5-3b-instruct", "provider": "transformers", "response": "Final answer: 189", "numeric_answer": 189.0, "relative_error": 0.11238435166486642, "thinking_text": null, "has_tool_call": false, "tool_call": null, "usage": {"prompt_tokens": 200, "completion_tokens": 8, "total_tokens": 208, "token_count_source": "tokenizer"}, "decoding": {"temperature": 0.2, "top_p": null, "top_k": null, "max_tokens": 256, "seed": 42}, "prompt_tokens": 200, "completion_tokens": 8, "total_tokens": 208, "token_count_source": "tokenizer", "diffusion_steps": null, "flops_estimate": null, "flops_arch": null, "flops_model_params": null, "flops_active_params": null, "tokens_non_final": 3, "tokens_reasoning": 0, "tokens_response": 3, "elapsed_seconds": 0.2786846160888672, "judgement": "Good approximation"}
{"id": "taxes_000705", "topic": "taxes", "subtopic": "post_discount_tax", "prompt": "Cart: $40.98, $7.11, $42.94, $15.29 with a 10% store discount. Local sales tax is 8.0% (tax after discount). About how much is the total?", "exact_value": 103.34, "model": "qwen/qwen2.5-3b-instruct", "provider": "transformers", "response": "Final answer: 136", "numeric_answer": 136.0, "relative_error": 0.31604412618540734, "thinking_text": null, "has_tool_call": false, "tool_call": null, "usage": {"prompt_tokens": 200, "completion_tokens": 8, "total_tokens": 208, "token_count_source": "tokenizer"}, "decoding": {"temperature": 0.2, "top_p": null, "top_k": null, "max_tokens": 256, "seed": 42}, "prompt_tokens": 200, "completion_tokens": 8, "total_tokens": 208, "token_count_source": "tokenizer", "diffusion_steps": null, "flops_estimate": null, "flops_arch": null, "flops_model_params": null, "flops_active_params": null, "tokens_non_final": 3, "tokens_reasoning": 0, "tokens_response": 3, "elapsed_seconds": 0.27748966217041016, "judgement": "Mildly off"}
{"id": "taxes_000725", "topic": "taxes", "subtopic": "post_discount_tax", "prompt": "Cart: $58.29, $57.54, $3.90, $13.77, $33.83 with a 15% store discount. Local sales tax is 7.0% (tax after discount). About how much is the total?", "exact_value": 152.19, "model": "qwen/qwen2.5-3b-instruct", "provider": "transformers", "response": "Final answer: 155", "numeric_answer": 155.0, "relative_error": 0.018463762402260348, "thinking_text": null, "has_tool_call": false, "tool_call": null, "usage": {"prompt_tokens": 207, "completion_tokens": 8, "total_tokens": 215, "token_count_source": "tokenizer"}, "decoding": {"temperature": 0.2, "top_p": null, "top_k": null, "max_tokens": 256, "seed": 42}, "prompt_tokens": 207, "completion_tokens": 8, "total_tokens": 215, "token_count_source": "tokenizer", "diffusion_steps": null, "flops_estimate": null, "flops_arch": null, "flops_model_params": null, "flops_active_params": null, "tokens_non_final": 3, "tokens_reasoning": 0, "tokens_response": 3, "elapsed_seconds": 0.2745542526245117, "judgement": "Good approximation"}
{"id": "taxes_000745", "topic": "taxes", "subtopic": "post_discount_tax", "prompt": "Cart: $54.15, $17.05, $39.04, $11.06 with a 20% store discount. Local sales tax is 6.0% (tax after discount). About how much is the total?", "exact_value": 102.86, "model": "qwen/qwen2.5-3b-instruct", "provider": "transformers", "response": "Final answer: 18", "numeric_answer": 18.0, "relative_error": 0.8250048609760839, "thinking_text": null, "has_tool_call": false, "tool_call": null, "usage": {"prompt_tokens": 201, "completion_tokens": 7, "total_tokens": 208, "token_count_source": "tokenizer"}, "decoding": {"temperature": 0.2, "top_p": null, "top_k": null, "max_tokens": 256, "seed": 42}, "prompt_tokens": 201, "completion_tokens": 7, "total_tokens": 208, "token_count_source": "tokenizer", "diffusion_steps": null, "flops_estimate": null, "flops_arch": null, "flops_model_params": null, "flops_active_params": null, "tokens_non_final": 3, "tokens_reasoning": 0, "tokens_response": 3, "elapsed_seconds": 0.23775863647460938, "judgement": "Way off"}
{"id": "taxes_000765", "topic": "taxes", "subtopic": "pre_discount_tax", "prompt": "Cart: $57.68, $16.68, $27.84, $52.23, $26.02 with a 15% store discount. Local sales tax is 6.0% (tax calculated before discount). About how much is the total?", "exact_value": 164.21, "model": "qwen/qwen2.5-3b-instruct", "provider": "transformers", "response": "Final answer: 192", "numeric_answer": 192.0, "relative_error": 0.1692345167772973, "thinking_text": null, "has_tool_call": false, "tool_call": null, "usage": {"prompt_tokens": 209, "completion_tokens": 8, "total_tokens": 217, "token_count_source": "tokenizer"}, "decoding": {"temperature": 0.2, "top_p": null, "top_k": null, "max_tokens": 256, "seed": 42}, "prompt_tokens": 209, "completion_tokens": 8, "total_tokens": 217, "token_count_source": "tokenizer", "diffusion_steps": null, "flops_estimate": null, "flops_arch": null, "flops_model_params": null, "flops_active_params": null, "tokens_non_final": 3, "tokens_reasoning": 0, "tokens_response": 3, "elapsed_seconds": 0.2796354293823242, "judgement": "Good approximation"}
{"id": "taxes_000785", "topic": "taxes", "subtopic": "post_discount_tax", "prompt": "Cart: $25.69, $31.24 with a 10% store discount. Local sales tax is 6.0% (tax after discount). About how much is the total?", "exact_value": 54.31, "model": "qwen/qwen2.5-3b-instruct", "provider": "transformers", "response": "Final answer: 8", "numeric_answer": 8.0, "relative_error": 0.8526974774443012, "thinking_text": null, "has_tool_call": false, "tool_call": null, "usage": {"prompt_tokens": 187, "completion_tokens": 6, "total_tokens": 193, "token_count_source": "tokenizer"}, "decoding": {"temperature": 0.2, "top_p": null, "top_k": null, "max_tokens": 256, "seed": 42}, "prompt_tokens": 187, "completion_tokens": 6, "total_tokens": 193, "token_count_source": "tokenizer", "diffusion_steps": null, "flops_estimate": null, "flops_arch": null, "flops_model_params": null, "flops_active_params": null, "tokens_non_final": 3, "tokens_reasoning": 0, "tokens_response": 3, "elapsed_seconds": 0.2018265724182129, "judgement": "Way off"}
{"id": "taxes_000805", "topic": "taxes", "subtopic": "post_discount_tax", "prompt": "Cart: $40.12, $28.74 with a 15% store discount. Local sales tax is 7.5% (tax after discount). About how much is the total?", "exact_value": 62.92, "model": "qwen/qwen2.5-3b-instruct", "provider": "transformers", "response": "Final answer: 9", "numeric_answer": 9.0, "relative_error": 0.8569612205975843, "thinking_text": null, "has_tool_call": false, "tool_call": null, "usage": {"prompt_tokens": 187, "completion_tokens": 6, "total_tokens": 193, "token_count_source": "tokenizer"}, "decoding": {"temperature": 0.2, "top_p": null, "top_k": null, "max_tokens": 256, "seed": 42}, "prompt_tokens": 187, "completion_tokens": 6, "total_tokens": 193, "token_count_source": "tokenizer", "diffusion_steps": null, "flops_estimate": null, "flops_arch": null, "flops_model_params": null, "flops_active_params": null, "tokens_non_final": 3, "tokens_reasoning": 0, "tokens_response": 3, "elapsed_seconds": 0.2101898193359375, "judgement": "Way off"}
{"id": "taxes_000825", "topic": "taxes", "subtopic": "pre_discount_tax", "prompt": "Cart: $42.07, $45.58, $4.03. Local sales tax is 8.5% (tax calculated before discount). About how much is the total?", "exact_value": 99.47, "model": "qwen/qwen2.5-3b-instruct", "provider": "transformers", "response": "Final answer: 92", "numeric_answer": 92.0, "relative_error": 0.07509801950336784, "thinking_text": null, "has_tool_call": false, "tool_call": null, "usage": {"prompt_tokens": 186, "completion_tokens": 7, "total_tokens": 193, "token_count_source": "tokenizer"}, "decoding": {"temperature": 0.2, "top_p": null, "top_k": null, "max_tokens": 256, "seed": 42}, "prompt_tokens": 186, "completion_tokens": 7, "total_tokens": 193, "token_count_source": "tokenizer", "diffusion_steps": null, "flops_estimate": null, "flops_arch": null, "flops_model_params": null, "flops_active_params": null, "tokens_non_final": 3, "tokens_reasoning": 0, "tokens_response": 3, "elapsed_seconds": 0.24477005004882812, "judgement": "Good approximation"}
{"id": "taxes_000845", "topic": "taxes", "subtopic": "post_discount_tax", "prompt": "Cart: $15.87, $9.20, $33.08, $43.65, $38.88 with a 20% store discount. Local sales tax is 6.0% (tax after discount). About how much is the total?", "exact_value": 119.3, "model": "qwen/qwen2.5-3b-instruct", "provider": "transformers", "response": "Final answer: 92", "numeric_answer": 92.0, "relative_error": 0.22883487007544004, "thinking_text": null, "has_tool_call": false, "tool_call": null, "usage": {"prompt_tokens": 207, "completion_tokens": 7, "total_tokens": 214, "token_count_source": "tokenizer"}, "decoding": {"temperature": 0.2, "top_p": null, "top_k": null, "max_tokens": 256, "seed": 42}, "prompt_tokens": 207, "completion_tokens": 7, "total_tokens": 214, "token_count_source": "tokenizer", "diffusion_steps": null, "flops_estimate": null, "flops_arch": null, "flops_model_params": null, "flops_active_params": null, "tokens_non_final": 3, "tokens_reasoning": 0, "tokens_response": 3, "elapsed_seconds": 0.2310640811920166, "judgement": "Mildly off"}
{"id": "taxes_000865", "topic": "taxes", "subtopic": "post_discount_tax", "prompt": "Cart: $58.64, $45.63, $26.84 with a 20% store discount. Local sales tax is 7.5% (tax after discount). About how much is the total?", "exact_value": 112.75, "model": "qwen/qwen2.5-3b-instruct", "provider": "transformers", "response": "Final answer: 13", "numeric_answer": 13.0, "relative_error": 0.88470066518847, "thinking_text": null, "has_tool_call": false, "tool_call": null, "usage": {"prompt_tokens": 194, "completion_tokens": 7, "total_tokens": 201, "token_count_source": "tokenizer"}, "decoding": {"temperature": 0.2, "top_p": null, "top_k": null, "max_tokens": 256, "seed": 42}, "prompt_tokens": 194, "completion_tokens": 7, "total_tokens": 201, "token_count_source": "tokenizer", "diffusion_steps": null, "flops_estimate": null, "flops_arch": null, "flops_model_params": null, "flops_active_params": null, "tokens_non_final": 3, "tokens_reasoning": 0, "tokens_response": 3, "elapsed_seconds": 0.24393391609191895, "judgement": "Way off"}
{"id": "taxes_000885", "topic": "taxes", "subtopic": "post_discount_tax", "prompt": "Cart: $14.40, $32.79, $9.47, $52.98, $5.25 with a 15% store discount. Local sales tax is 7.0% (tax after discount). About how much is the total?", "exact_value": 104.49, "model": "qwen/qwen2.5-3b-instruct", "provider": "transformers", "response": "Final answer: 116", "numeric_answer": 116.0, "relative_error": 0.11015408173030918, "thinking_text": null, "has_tool_call": false, "tool_call": null, "usage": {"prompt_tokens": 206, "completion_tokens": 8, "total_tokens": 214, "token_count_source": "tokenizer"}, "decoding": {"temperature": 0.2, "top_p": null, "top_k": null, "max_tokens": 256, "seed": 42}, "prompt_tokens": 206, "completion_tokens": 8, "total_tokens": 214, "token_count_source": "tokenizer", "diffusion_steps": null, "flops_estimate": null, "flops_arch": null, "flops_model_params": null, "flops_active_params": null, "tokens_non_final": 3, "tokens_reasoning": 0, "tokens_response": 3, "elapsed_seconds": 0.2740180492401123, "judgement": "Good approximation"}
{"id": "taxes_000905", "topic": "taxes", "subtopic": "pre_discount_tax", "prompt": "Cart: $17.90, $48.48, $26.49, $5.89. Local sales tax is 8.5% (tax calculated before discount). About how much is the total?", "exact_value": 107.15, "model": "qwen/qwen2.5-3b-instruct", "provider": "transformers", "response": "Final answer: 138", "numeric_answer": 138.0, "relative_error": 0.2879141390573961, "thinking_text": null, "has_tool_call": false, "tool_call": null, "usage": {"prompt_tokens": 193, "completion_tokens": 8, "total_tokens": 201, "token_count_source": "tokenizer"}, "decoding": {"temperature": 0.2, "top_p": null, "top_k": null, "max_tokens": 256, "seed": 42}, "prompt_tokens": 193, "completion_tokens": 8, "total_tokens": 201, "token_count_source": "tokenizer", "diffusion_steps": null, "flops_estimate": null, "flops_arch": null, "flops_model_params": null, "flops_active_params": null, "tokens_non_final": 3, "tokens_reasoning": 0, "tokens_response": 3, "elapsed_seconds": 0.27101659774780273, "judgement": "Mildly off"}
{"id": "taxes_000925", "topic": "taxes", "subtopic": "post_discount_tax", "prompt": "Cart: $22.10, $57.77 with a 10% store discount. Local sales tax is 8.5% (tax after discount). About how much is the total?", "exact_value": 77.99, "model": "qwen/qwen2.5-3b-instruct", "provider": "transformers", "response": "Final answer: 9", "numeric_answer": 9.0, "relative_error": 0.8846005898192075, "thinking_text": null, "has_tool_call": false, "tool_call": null, "usage": {"prompt_tokens": 187, "completion_tokens": 6, "total_tokens": 193, "token_count_source": "tokenizer"}, "decoding": {"temperature": 0.2, "top_p": null, "top_k": null, "max_tokens": 256, "seed": 42}, "prompt_tokens": 187, "completion_tokens": 6, "total_tokens": 193, "token_count_source": "tokenizer", "diffusion_steps": null, "flops_estimate": null, "flops_arch": null, "flops_model_params": null, "flops_active_params": null, "tokens_non_final": 3, "tokens_reasoning": 0, "tokens_response": 3, "elapsed_seconds": 0.21323561668395996, "judgement": "Way off"}
{"id": "taxes_000945", "topic": "taxes", "subtopic": "post_discount_tax", "prompt": "Cart: $23.57, $36.87, $52.49, $25.07 with a 15% store discount. Local sales tax is 7.5% (tax after discount). About how much is the total?", "exact_value": 126.1, "model": "qwen/qwen2.5-3b-instruct", "provider": "transformers", "response": "Final answer: 9", "numeric_answer": 9.0, "relative_error": 0.9286280729579699, "thinking_text": null, "has_tool_call": false, "tool_call": null, "usage": {"prompt_tokens": 201, "completion_tokens": 6, "total_tokens": 207, "token_count_source": "tokenizer"}, "decoding": {"temperature": 0.2, "top_p": null, "top_k": null, "max_tokens": 256, "seed": 42}, "prompt_tokens": 201, "completion_tokens": 6, "total_tokens": 207, "token_count_source": "tokenizer", "diffusion_steps": null, "flops_estimate": null, "flops_arch": null, "flops_model_params": null, "flops_active_params": null, "tokens_non_final": 3, "tokens_reasoning": 0, "tokens_response": 3, "elapsed_seconds": 0.20334911346435547, "judgement": "Way off"}
{"id": "taxes_000965", "topic": "taxes", "subtopic": "post_discount_tax", "prompt": "Cart: $29.91, $42.03, $30.26 with a 15% store discount. Local sales tax is 6.0% (tax after discount). About how much is the total?", "exact_value": 92.08, "model": "qwen/qwen2.5-3b-instruct", "provider": "transformers", "response": "Final answer: 8", "numeric_answer": 8.0, "relative_error": 0.9131190269331017, "thinking_text": null, "has_tool_call": false, "tool_call": null, "usage": {"prompt_tokens": 194, "completion_tokens": 6, "total_tokens": 200, "token_count_source": "tokenizer"}, "decoding": {"temperature": 0.2, "top_p": null, "top_k": null, "max_tokens": 256, "seed": 42}, "prompt_tokens": 194, "completion_tokens": 6, "total_tokens": 200, "token_count_source": "tokenizer", "diffusion_steps": null, "flops_estimate": null, "flops_arch": null, "flops_model_params": null, "flops_active_params": null, "tokens_non_final": 3, "tokens_reasoning": 0, "tokens_response": 3, "elapsed_seconds": 0.20870637893676758, "judgement": "Way off"}
{"id": "taxes_000985", "topic": "taxes", "subtopic": "post_discount_tax", "prompt": "Cart: $14.82, $23.08, $24.88, $58.19, $52.19 with a 15% store discount. Local sales tax is 8.5% (tax after discount). About how much is the total?", "exact_value": 159.7, "model": "qwen/qwen2.5-3b-instruct", "provider": "transformers", "response": "Final answer: 116", "numeric_answer": 116.0, "relative_error": 0.27363807138384466, "thinking_text": null, "has_tool_call": false, "tool_call": null, "usage": {"prompt_tokens": 208, "completion_tokens": 8, "total_tokens": 216, "token_count_source": "tokenizer"}, "decoding": {"temperature": 0.2, "top_p": null, "top_k": null, "max_tokens": 256, "seed": 42}, "prompt_tokens": 208, "completion_tokens": 8, "total_tokens": 216, "token_count_source": "tokenizer", "diffusion_steps": null, "flops_estimate": null, "flops_arch": null, "flops_model_params": null, "flops_active_params": null, "tokens_non_final": 3, "tokens_reasoning": 0, "tokens_response": 3, "elapsed_seconds": 0.27788424491882324, "judgement": "Mildly off"}
{"id": "taxes_001005", "topic": "taxes", "subtopic": "post_discount_tax", "prompt": "Cart: $35.46, $30.01, $32.78, $59.76, $52.25 with a 20% store discount. Local sales tax is 6.0% (tax after discount). About how much is the total?", "exact_value": 178.3, "model": "qwen/qwen2.5-3b-instruct", "provider": "transformers", "response": "Final answer: 161", "numeric_answer": 161.0, "relative_error": 0.09702748177229395, "thinking_text": null, "has_tool_call": false, "tool_call": null, "usage": {"prompt_tokens": 208, "completion_tokens": 8, "total_tokens": 216, "token_count_source": "tokenizer"}, "decoding": {"temperature": 0.2, "top_p": null, "top_k": null, "max_tokens": 256, "seed": 42}, "prompt_tokens": 208, "completion_tokens": 8, "total_tokens": 216, "token_count_source": "tokenizer", "diffusion_steps": null, "flops_estimate": null, "flops_arch": null, "flops_model_params": null, "flops_active_params": null, "tokens_non_final": 3, "tokens_reasoning": 0, "tokens_response": 3, "elapsed_seconds": 0.28594374656677246, "judgement": "Good approximation"}
{"id": "taxes_001025", "topic": "taxes", "subtopic": "post_discount_tax", "prompt": "Cart: $48.98, $51.04, $48.93, $42.06 with a 10% store discount. Local sales tax is 7.0% (tax after discount). About how much is the total?", "exact_value": 183.94, "model": "qwen/qwen2.5-3b-instruct", "provider": "transformers", "response": "Final answer: 10", "numeric_answer": 10.0, "relative_error": 0.9456344460150049, "thinking_text": null, "has_tool_call": false, "tool_call": null, "usage": {"prompt_tokens": 201, "completion_tokens": 7, "total_tokens": 208, "token_count_source": "tokenizer"}, "decoding": {"temperature": 0.2, "top_p": null, "top_k": null, "max_tokens": 256, "seed": 42}, "prompt_tokens": 201, "completion_tokens": 7, "total_tokens": 208, "token_count_source": "tokenizer", "diffusion_steps": null, "flops_estimate": null, "flops_arch": null, "flops_model_params": null, "flops_active_params": null, "tokens_non_final": 3, "tokens_reasoning": 0, "tokens_response": 3, "elapsed_seconds": 0.2503938674926758, "judgement": "Way off"}
{"id": "taxes_001045", "topic": "taxes", "subtopic": "pre_discount_tax", "prompt": "Cart: $7.00, $19.59, $22.19, $24.07, $59.04 with a 15% store discount. Local sales tax is 8.5% (tax calculated before discount). About how much is the total?", "exact_value": 123.32, "model": "qwen/qwen2.5-3b-instruct", "provider": "transformers", "response": "Final answer: 85", "numeric_answer": 85.0, "relative_error": 0.31073629581576384, "thinking_text": null, "has_tool_call": false, "tool_call": null, "usage": {"prompt_tokens": 208, "completion_tokens": 7, "total_tokens": 215, "token_count_source": "tokenizer"}, "decoding": {"temperature": 0.2, "top_p": null, "top_k": null, "max_tokens": 256, "seed": 42}, "prompt_tokens": 208, "completion_tokens": 7, "total_tokens": 215, "token_count_source": "tokenizer", "diffusion_steps": null, "flops_estimate": null, "flops_arch": null, "flops_model_params": null, "flops_active_params": null, "tokens_non_final": 3, "tokens_reasoning": 0, "tokens_response": 3, "elapsed_seconds": 0.23817873001098633, "judgement": "Mildly off"}
{"id": "taxes_001065", "topic": "taxes", "subtopic": "post_discount_tax", "prompt": "Cart: $30.65, $11.90, $49.60, $20.83 with a 15% store discount. Local sales tax is 6.0% (tax after discount). About how much is the total?", "exact_value": 101.79, "model": "qwen/qwen2.5-3b-instruct", "provider": "transformers", "response": "Final answer: 112", "numeric_answer": 112.0, "relative_error": 0.10030454858041059, "thinking_text": null, "has_tool_call": false, "tool_call": null, "usage": {"prompt_tokens": 201, "completion_tokens": 8, "total_tokens": 209, "token_count_source": "tokenizer"}, "decoding": {"temperature": 0.2, "top_p": null, "top_k": null, "max_tokens": 256, "seed": 42}, "prompt_tokens": 201, "completion_tokens": 8, "total_tokens": 209, "token_count_source": "tokenizer", "diffusion_steps": null, "flops_estimate": null, "flops_arch": null, "flops_model_params": null, "flops_active_params": null, "tokens_non_final": 3, "tokens_reasoning": 0, "tokens_response": 3, "elapsed_seconds": 0.2830851078033447, "judgement": "Good approximation"}
{"id": "taxes_001085", "topic": "taxes", "subtopic": "pre_discount_tax", "prompt": "Cart: $51.75, $41.44, $42.58 with a 15% store discount. Local sales tax is 6.0% (tax calculated before discount). About how much is the total?", "exact_value": 123.55, "model": "qwen/qwen2.5-3b-instruct", "provider": "transformers", "response": "Final answer: 139", "numeric_answer": 139.0, "relative_error": 0.12505058680696077, "thinking_text": null, "has_tool_call": false, "tool_call": null, "usage": {"prompt_tokens": 195, "completion_tokens": 8, "total_tokens": 203, "token_count_source": "tokenizer"}, "decoding": {"temperature": 0.2, "top_p": null, "top_k": null, "max_tokens": 256, "seed": 42}, "prompt_tokens": 195, "completion_tokens": 8, "total_tokens": 203, "token_count_source": "tokenizer", "diffusion_steps": null, "flops_estimate": null, "flops_arch": null, "flops_model_params": null, "flops_active_params": null, "tokens_non_final": 3, "tokens_reasoning": 0, "tokens_response": 3, "elapsed_seconds": 0.265880823135376, "judgement": "Good approximation"}
{"id": "taxes_001105", "topic": "taxes", "subtopic": "post_discount_tax", "prompt": "Cart: $35.89, $11.55 with a 15% store discount. Local sales tax is 6.0% (tax after discount). About how much is the total?", "exact_value": 42.74, "model": "qwen/qwen2.5-3b-instruct", "provider": "transformers", "response": "Final answer: 49", "numeric_answer": 49.0, "relative_error": 0.14646700982686003, "thinking_text": null, "has_tool_call": false, "tool_call": null, "usage": {"prompt_tokens": 187, "completion_tokens": 7, "total_tokens": 194, "token_count_source": "tokenizer"}, "decoding": {"temperature": 0.2, "top_p": null, "top_k": null, "max_tokens": 256, "seed": 42}, "prompt_tokens": 187, "completion_tokens": 7, "total_tokens": 194, "token_count_source": "tokenizer", "diffusion_steps": null, "flops_estimate": null, "flops_arch": null, "flops_model_params": null, "flops_active_params": null, "tokens_non_final": 3, "tokens_reasoning": 0, "tokens_response": 3, "elapsed_seconds": 0.24215936660766602, "judgement": "Good approximation"}
{"id": "taxes_001125", "topic": "taxes", "subtopic": "post_discount_tax", "prompt": "Cart: $33.29, $22.97, $51.18 with a 20% store discount. Local sales tax is 8.5% (tax after discount). About how much is the total?", "exact_value": 93.26, "model": "qwen/qwen2.5-3b-instruct", "provider": "transformers", "response": "Final answer: 146", "numeric_answer": 146.0, "relative_error": 0.5655157623847308, "thinking_text": null, "has_tool_call": false, "tool_call": null, "usage": {"prompt_tokens": 194, "completion_tokens": 8, "total_tokens": 202, "token_count_source": "tokenizer"}, "decoding": {"temperature": 0.2, "top_p": null, "top_k": null, "max_tokens": 256, "seed": 42}, "prompt_tokens": 194, "completion_tokens": 8, "total_tokens": 202, "token_count_source": "tokenizer", "diffusion_steps": null, "flops_estimate": null, "flops_arch": null, "flops_model_params": null, "flops_active_params": null, "tokens_non_final": 3, "tokens_reasoning": 0, "tokens_response": 3, "elapsed_seconds": 0.2748904228210449, "judgement": "Mildly off"}
{"id": "taxes_001145", "topic": "taxes", "subtopic": "pre_discount_tax", "prompt": "Cart: $20.48, $7.68, $10.58, $20.51, $20.54 with a 10% store discount. Local sales tax is 7.5% (tax calculated before discount). About how much is the total?", "exact_value": 77.8, "model": "qwen/qwen2.5-3b-instruct", "provider": "transformers", "response": "Final answer: 93", "numeric_answer": 93.0, "relative_error": 0.19537275064267356, "thinking_text": null, "has_tool_call": false, "tool_call": null, "usage": {"prompt_tokens": 208, "completion_tokens": 7, "total_tokens": 215, "token_count_source": "tokenizer"}, "decoding": {"temperature": 0.2, "top_p": null, "top_k": null, "max_tokens": 256, "seed": 42}, "prompt_tokens": 208, "completion_tokens": 7, "total_tokens": 215, "token_count_source": "tokenizer", "diffusion_steps": null, "flops_estimate": null, "flops_arch": null, "flops_model_params": null, "flops_active_params": null, "tokens_non_final": 3, "tokens_reasoning": 0, "tokens_response": 3, "elapsed_seconds": 0.2507343292236328, "judgement": "Good approximation"}
{"id": "taxes_001165", "topic": "taxes", "subtopic": "post_discount_tax", "prompt": "Cart: $14.32, $41.58 with a 20% store discount. Local sales tax is 8.0% (tax after discount). About how much is the total?", "exact_value": 48.3, "model": "qwen/qwen2.5-3b-instruct", "provider": "transformers", "response": "Final answer: 69", "numeric_answer": 69.0, "relative_error": 0.42857142857142866, "thinking_text": null, "has_tool_call": false, "tool_call": null, "usage": {"prompt_tokens": 187, "completion_tokens": 7, "total_tokens": 194, "token_count_source": "tokenizer"}, "decoding": {"temperature": 0.2, "top_p": null, "top_k": null, "max_tokens": 256, "seed": 42}, "prompt_tokens": 187, "completion_tokens": 7, "total_tokens": 194, "token_count_source": "tokenizer", "diffusion_steps": null, "flops_estimate": null, "flops_arch": null, "flops_model_params": null, "flops_active_params": null, "tokens_non_final": 3, "tokens_reasoning": 0, "tokens_response": 3, "elapsed_seconds": 0.23864269256591797, "judgement": "Mildly off"}
{"id": "taxes_001185", "topic": "taxes", "subtopic": "pre_discount_tax", "prompt": "Cart: $17.11, $15.84 with a 15% store discount. Local sales tax is 6.0% (tax calculated before discount). About how much is the total?", "exact_value": 29.98, "model": "qwen/qwen2.5-3b-instruct", "provider": "transformers", "response": "Final answer: 38", "numeric_answer": 38.0, "relative_error": 0.2675116744496331, "thinking_text": null, "has_tool_call": false, "tool_call": null, "usage": {"prompt_tokens": 188, "completion_tokens": 7, "total_tokens": 195, "token_count_source": "tokenizer"}, "decoding": {"temperature": 0.2, "top_p": null, "top_k": null, "max_tokens": 256, "seed": 42}, "prompt_tokens": 188, "completion_tokens": 7, "total_tokens": 195, "token_count_source": "tokenizer", "diffusion_steps": null, "flops_estimate": null, "flops_arch": null, "flops_model_params": null, "flops_active_params": null, "tokens_non_final": 3, "tokens_reasoning": 0, "tokens_response": 3, "elapsed_seconds": 0.2427070140838623, "judgement": "Mildly off"}
{"id": "taxes_001205", "topic": "taxes", "subtopic": "pre_discount_tax", "prompt": "Cart: $16.90, $53.37, $54.66, $11.44, $18.23 with a 20% store discount. Local sales tax is 8.0% (tax calculated before discount). About how much is the total?", "exact_value": 136.05, "model": "qwen/qwen2.5-3b-instruct", "provider": "transformers", "response": "Final answer: 12", "numeric_answer": 12.0, "relative_error": 0.9117971334068358, "thinking_text": null, "has_tool_call": false, "tool_call": null, "usage": {"prompt_tokens": 209, "completion_tokens": 7, "total_tokens": 216, "token_count_source": "tokenizer"}, "decoding": {"temperature": 0.2, "top_p": null, "top_k": null, "max_tokens": 256, "seed": 42}, "prompt_tokens": 209, "completion_tokens": 7, "total_tokens": 216, "token_count_source": "tokenizer", "diffusion_steps": null, "flops_estimate": null, "flops_arch": null, "flops_model_params": null, "flops_active_params": null, "tokens_non_final": 3, "tokens_reasoning": 0, "tokens_response": 3, "elapsed_seconds": 0.24332141876220703, "judgement": "Way off"}
{"id": "taxes_001225", "topic": "taxes", "subtopic": "pre_discount_tax", "prompt": "Cart: $48.12, $37.76, $8.24 with a 10% store discount. Local sales tax is 8.5% (tax calculated before discount). About how much is the total?", "exact_value": 92.71, "model": "qwen/qwen2.5-3b-instruct", "provider": "transformers", "response": "Final answer: 132", "numeric_answer": 132.0, "relative_error": 0.4237946284111747, "thinking_text": null, "has_tool_call": false, "tool_call": null, "usage": {"prompt_tokens": 194, "completion_tokens": 8, "total_tokens": 202, "token_count_source": "tokenizer"}, "decoding": {"temperature": 0.2, "top_p": null, "top_k": null, "max_tokens": 256, "seed": 42}, "prompt_tokens": 194, "completion_tokens": 8, "total_tokens": 202, "token_count_source": "tokenizer", "diffusion_steps": null, "flops_estimate": null, "flops_arch": null, "flops_model_params": null, "flops_active_params": null, "tokens_non_final": 3, "tokens_reasoning": 0, "tokens_response": 3, "elapsed_seconds": 0.2673201560974121, "judgement": "Mildly off"}
{"id": "taxes_001245", "topic": "taxes", "subtopic": "post_discount_tax", "prompt": "Cart: $16.15, $46.13, $29.68, $11.10 with a 20% store discount. Local sales tax is 8.0% (tax after discount). About how much is the total?", "exact_value": 89.04, "model": "qwen/qwen2.5-3b-instruct", "provider": "transformers", "response": "Final answer: 37", "numeric_answer": 37.0, "relative_error": 0.5844564240790656, "thinking_text": null, "has_tool_call": false, "tool_call": null, "usage": {"prompt_tokens": 201, "completion_tokens": 7, "total_tokens": 208, "token_count_source": "tokenizer"}, "decoding": {"temperature": 0.2, "top_p": null, "top_k": null, "max_tokens": 256, "seed": 42}, "prompt_tokens": 201, "completion_tokens": 7, "total_tokens": 208, "token_count_source": "tokenizer", "diffusion_steps": null, "flops_estimate": null, "flops_arch": null, "flops_model_params": null, "flops_active_params": null, "tokens_non_final": 3, "tokens_reasoning": 0, "tokens_response": 3, "elapsed_seconds": 0.24430394172668457, "judgement": "Mildly off"}
{"id": "taxes_001265", "topic": "taxes", "subtopic": "pre_discount_tax", "prompt": "Cart: $5.07, $49.02, $21.35, $52.81. Local sales tax is 8.5% (tax calculated before discount). About how much is the total?", "exact_value": 139.15, "model": "qwen/qwen2.5-3b-instruct", "provider": "transformers", "response": "Final answer: 86", "numeric_answer": 86.0, "relative_error": 0.3819619116061804, "thinking_text": null, "has_tool_call": false, "tool_call": null, "usage": {"prompt_tokens": 193, "completion_tokens": 7, "total_tokens": 200, "token_count_source": "tokenizer"}, "decoding": {"temperature": 0.2, "top_p": null, "top_k": null, "max_tokens": 256, "seed": 42}, "prompt_tokens": 193, "completion_tokens": 7, "total_tokens": 200, "token_count_source": "tokenizer", "diffusion_steps": null, "flops_estimate": null, "flops_arch": null, "flops_model_params": null, "flops_active_params": null, "tokens_non_final": 3, "tokens_reasoning": 0, "tokens_response": 3, "elapsed_seconds": 0.24093198776245117, "judgement": "Mildly off"}
{"id": "taxes_001285", "topic": "taxes", "subtopic": "pre_discount_tax", "prompt": "Cart: $23.28, $56.47 with a 10% store discount. Local sales tax is 7.0% (tax calculated before discount). About how much is the total?", "exact_value": 77.36, "model": "qwen/qwen2.5-3b-instruct", "provider": "transformers", "response": "Final answer: 9", "numeric_answer": 9.0, "relative_error": 0.8836608066184074, "thinking_text": null, "has_tool_call": false, "tool_call": null, "usage": {"prompt_tokens": 188, "completion_tokens": 6, "total_tokens": 194, "token_count_source": "tokenizer"}, "decoding": {"temperature": 0.2, "top_p": null, "top_k": null, "max_tokens": 256, "seed": 42}, "prompt_tokens": 188, "completion_tokens": 6, "total_tokens": 194, "token_count_source": "tokenizer", "diffusion_steps": null, "flops_estimate": null, "flops_arch": null, "flops_model_params": null, "flops_active_params": null, "tokens_non_final": 3, "tokens_reasoning": 0, "tokens_response": 3, "elapsed_seconds": 0.21458840370178223, "judgement": "Way off"}
{"id": "taxes_001305", "topic": "taxes", "subtopic": "post_discount_tax", "prompt": "Cart: $32.63, $47.64, $21.83, $42.07. Local sales tax is 7.5% (tax after discount). About how much is the total?", "exact_value": 154.98, "model": "qwen/qwen2.5-3b-instruct", "provider": "transformers", "response": "Final answer: 139", "numeric_answer": 139.0, "relative_error": 0.10311007871983476, "thinking_text": null, "has_tool_call": false, "tool_call": null, "usage": {"prompt_tokens": 193, "completion_tokens": 8, "total_tokens": 201, "token_count_source": "tokenizer"}, "decoding": {"temperature": 0.2, "top_p": null, "top_k": null, "max_tokens": 256, "seed": 42}, "prompt_tokens": 193, "completion_tokens": 8, "total_tokens": 201, "token_count_source": "tokenizer", "diffusion_steps": null, "flops_estimate": null, "flops_arch": null, "flops_model_params": null, "flops_active_params": null, "tokens_non_final": 3, "tokens_reasoning": 0, "tokens_response": 3, "elapsed_seconds": 0.2682054042816162, "judgement": "Good approximation"}
{"id": "taxes_001325", "topic": "taxes", "subtopic": "pre_discount_tax", "prompt": "Cart: $22.61, $14.17, $36.73, $21.75, $44.86 with a 15% store discount. Local sales tax is 8.5% (tax calculated before discount). About how much is the total?", "exact_value": 131.01, "model": "qwen/qwen2.5-3b-instruct", "provider": "transformers", "response": "Final answer: 129", "numeric_answer": 129.0, "relative_error": 0.015342340279367919, "thinking_text": null, "has_tool_call": false, "tool_call": null, "usage": {"prompt_tokens": 209, "completion_tokens": 8, "total_tokens": 217, "token_count_source": "tokenizer"}, "decoding": {"temperature": 0.2, "top_p": null, "top_k": null, "max_tokens": 256, "seed": 42}, "prompt_tokens": 209, "completion_tokens": 8, "total_tokens": 217, "token_count_source": "tokenizer", "diffusion_steps": null, "flops_estimate": null, "flops_arch": null, "flops_model_params": null, "flops_active_params": null, "tokens_non_final": 3, "tokens_reasoning": 0, "tokens_response": 3, "elapsed_seconds": 0.2764925956726074, "judgement": "Good approximation"}
{"id": "units_000127", "topic": "units", "subtopic": "kg_g", "prompt": "An item costs $13.16 per kg. You take 500 g. About how much is that?", "exact_value": 6.58, "model": "qwen/qwen2.5-3b-instruct", "provider": "transformers", "response": "Final answer: 7", "numeric_answer": 7.0, "relative_error": 0.06382978723404255, "thinking_text": null, "has_tool_call": false, "tool_call": null, "usage": {"prompt_tokens": 168, "completion_tokens": 6, "total_tokens": 174, "token_count_source": "tokenizer"}, "decoding": {"temperature": 0.2, "top_p": null, "top_k": null, "max_tokens": 256, "seed": 42}, "prompt_tokens": 168, "completion_tokens": 6, "total_tokens": 174, "token_count_source": "tokenizer", "diffusion_steps": null, "flops_estimate": null, "flops_arch": null, "flops_model_params": null, "flops_active_params": null, "tokens_non_final": 3, "tokens_reasoning": 0, "tokens_response": 3, "elapsed_seconds": 0.21307158470153809, "judgement": "Good approximation"}
{"id": "units_000147", "topic": "units", "subtopic": "kg_g", "prompt": "An item costs $9.68 per kg. You take 500 g. About how much is that?", "exact_value": 4.84, "model": "qwen/qwen2.5-3b-instruct", "provider": "transformers", "response": "Final answer: 5", "numeric_answer": 5.0, "relative_error": 0.03305785123966945, "thinking_text": null, "has_tool_call": false, "tool_call": null, "usage": {"prompt_tokens": 167, "completion_tokens": 6, "total_tokens": 173, "token_count_source": "tokenizer"}, "decoding": {"temperature": 0.2, "top_p": null, "top_k": null, "max_tokens": 256, "seed": 42}, "prompt_tokens": 167, "completion_tokens": 6, "total_tokens": 173, "token_count_source": "tokenizer", "diffusion_steps": null, "flops_estimate": null, "flops_arch": null, "flops_model_params": null, "flops_active_params": null, "tokens_non_final": 3, "tokens_reasoning": 0, "tokens_response": 3, "elapsed_seconds": 0.2049698829650879, "judgement": "Good approximation"}
{"id": "units_000167", "topic": "units", "subtopic": "lb_oz", "prompt": "You buy 5.37 lb at $7.71 per lb. About how much is that total?", "exact_value": 41.4, "model": "qwen/qwen2.5-3b-instruct", "provider": "transformers", "response": "Final answer: 2", "numeric_answer": 2.0, "relative_error": 0.9516908212560387, "thinking_text": null, "has_tool_call": false, "tool_call": null, "usage": {"prompt_tokens": 166, "completion_tokens": 6, "total_tokens": 172, "token_count_source": "tokenizer"}, "decoding": {"temperature": 0.2, "top_p": null, "top_k": null, "max_tokens": 256, "seed": 42}, "prompt_tokens": 166, "completion_tokens": 6, "total_tokens": 172, "token_count_source": "tokenizer", "diffusion_steps": null, "flops_estimate": null, "flops_arch": null, "flops_model_params": null, "flops_active_params": null, "tokens_non_final": 3, "tokens_reasoning": 0, "tokens_response": 3, "elapsed_seconds": 0.20435667037963867, "judgement": "Way off"}
{"id": "units_000187", "topic": "units", "subtopic": "kg_g", "prompt": "An item costs $7.01 per kg. You take 300 g. About how much is that?", "exact_value": 2.1, "model": "qwen/qwen2.5-3b-instruct", "provider": "transformers", "response": "Final answer: 2", "numeric_answer": 2.0, "relative_error": 0.04761904761904766, "thinking_text": null, "has_tool_call": false, "tool_call": null, "usage": {"prompt_tokens": 167, "completion_tokens": 6, "total_tokens": 173, "token_count_source": "tokenizer"}, "decoding": {"temperature": 0.2, "top_p": null, "top_k": null, "max_tokens": 256, "seed": 42}, "prompt_tokens": 167, "completion_tokens": 6, "total_tokens": 173, "token_count_source": "tokenizer", "diffusion_steps": null, "flops_estimate": null, "flops_arch": null, "flops_model_params": null, "flops_active_params": null, "tokens_non_final": 3, "tokens_reasoning": 0, "tokens_response": 3, "elapsed_seconds": 0.20839452743530273, "judgement": "Good approximation"}
{"id": "units_000207", "topic": "units", "subtopic": "kg_g", "prompt": "An item costs $19.14 per kg. You take 350 g. About how much is that?", "exact_value": 6.7, "model": "qwen/qwen2.5-3b-instruct", "provider": "transformers", "response": "Final answer: 6", "numeric_answer": 6.0, "relative_error": 0.10447761194029853, "thinking_text": null, "has_tool_call": false, "tool_call": null, "usage": {"prompt_tokens": 168, "completion_tokens": 6, "total_tokens": 174, "token_count_source": "tokenizer"}, "decoding": {"temperature": 0.2, "top_p": null, "top_k": null, "max_tokens": 256, "seed": 42}, "prompt_tokens": 168, "completion_tokens": 6, "total_tokens": 174, "token_count_source": "tokenizer", "diffusion_steps": null, "flops_estimate": null, "flops_arch": null, "flops_model_params": null, "flops_active_params": null, "tokens_non_final": 3, "tokens_reasoning": 0, "tokens_response": 3, "elapsed_seconds": 0.21059846878051758, "judgement": "Good approximation"}
{"id": "units_000227", "topic": "units", "subtopic": "lb_oz", "prompt": "You buy 4.2 lb at $8.05 per lb. About how much is that total?", "exact_value": 33.81, "model": "qwen/qwen2.5-3b-instruct", "provider": "transformers", "response": "Final answer: 35", "numeric_answer": 35.0, "relative_error": 0.035196687370600346, "thinking_text": null, "has_tool_call": false, "tool_call": null, "usage": {"prompt_tokens": 165, "completion_tokens": 7, "total_tokens": 172, "token_count_source": "tokenizer"}, "decoding": {"temperature": 0.2, "top_p": null, "top_k": null, "max_tokens": 256, "seed": 42}, "prompt_tokens": 165, "completion_tokens": 7, "total_tokens": 172, "token_count_source": "tokenizer", "diffusion_steps": null, "flops_estimate": null, "flops_arch": null, "flops_model_params": null, "flops_active_params": null, "tokens_non_final": 3, "tokens_reasoning": 0, "tokens_response": 3, "elapsed_seconds": 0.24360036849975586, "judgement": "Good approximation"}
{"id": "units_000247", "topic": "units", "subtopic": "lb_oz", "prompt": "You buy 1.27 lb at $10.60 per lb. About how much is that total?", "exact_value": 13.46, "model": "qwen/qwen2.5-3b-instruct", "provider": "transformers", "response": "Final answer: 12", "numeric_answer": 12.0, "relative_error": 0.10846953937592874, "thinking_text": null, "has_tool_call": false, "tool_call": null, "usage": {"prompt_tokens": 167, "completion_tokens": 7, "total_tokens": 174, "token_count_source": "tokenizer"}, "decoding": {"temperature": 0.2, "top_p": null, "top_k": null, "max_tokens": 256, "seed": 42}, "prompt_tokens": 167, "completion_tokens": 7, "total_tokens": 174, "token_count_source": "tokenizer", "diffusion_steps": null, "flops_estimate": null, "flops_arch": null, "flops_model_params": null, "flops_active_params": null, "tokens_non_final": 3, "tokens_reasoning": 0, "tokens_response": 3, "elapsed_seconds": 0.23935747146606445, "judgement": "Good approximation"}
{"id": "units_000267", "topic": "units", "subtopic": "kg_g", "prompt": "An item costs $16.62 per kg. You take 250 g. About how much is that?", "exact_value": 4.16, "model": "qwen/qwen2.5-3b-instruct", "provider": "transformers", "response": "Final answer: 4", "numeric_answer": 4.0, "relative_error": 0.03846153846153849, "thinking_text": null, "has_tool_call": false, "tool_call": null, "usage": {"prompt_tokens": 168, "completion_tokens": 6, "total_tokens": 174, "token_count_source": "tokenizer"}, "decoding": {"temperature": 0.2, "top_p": null, "top_k": null, "max_tokens": 256, "seed": 42}, "prompt_tokens": 168, "completion_tokens": 6, "total_tokens": 174, "token_count_source": "tokenizer", "diffusion_steps": null, "flops_estimate": null, "flops_arch": null, "flops_model_params": null, "flops_active_params": null, "tokens_non_final": 3, "tokens_reasoning": 0, "tokens_response": 3, "elapsed_seconds": 0.20436477661132812, "judgement": "Good approximation"}
{"id": "units_000287", "topic": "units", "subtopic": "kg_g", "prompt": "An item costs $4.52 per kg. You take 750 g. About how much is that?", "exact_value": 3.39, "model": "qwen/qwen2.5-3b-instruct", "provider": "transformers", "response": "Final answer: 3", "numeric_answer": 3.0, "relative_error": 0.11504424778761065, "thinking_text": null, "has_tool_call": false, "tool_call": null, "usage": {"prompt_tokens": 167, "completion_tokens": 6, "total_tokens": 173, "token_count_source": "tokenizer"}, "decoding": {"temperature": 0.2, "top_p": null, "top_k": null, "max_tokens": 256, "seed": 42}, "prompt_tokens": 167, "completion_tokens": 6, "total_tokens": 173, "token_count_source": "tokenizer", "diffusion_steps": null, "flops_estimate": null, "flops_arch": null, "flops_model_params": null, "flops_active_params": null, "tokens_non_final": 3, "tokens_reasoning": 0, "tokens_response": 3, "elapsed_seconds": 0.19500231742858887, "judgement": "Good approximation"}
{"id": "units_000307", "topic": "units", "subtopic": "lb_oz", "prompt": "You buy 4.54 lb at $6.92 per lb. About how much is that total?", "exact_value": 31.42, "model": "qwen/qwen2.5-3b-instruct", "provider": "transformers", "response": "Final answer: 5", "numeric_answer": 5.0, "relative_error": 0.8408656906429026, "thinking_text": null, "has_tool_call": false, "tool_call": null, "usage": {"prompt_tokens": 166, "completion_tokens": 6, "total_tokens": 172, "token_count_source": "tokenizer"}, "decoding": {"temperature": 0.2, "top_p": null, "top_k": null, "max_tokens": 256, "seed": 42}, "prompt_tokens": 166, "completion_tokens": 6, "total_tokens": 172, "token_count_source": "tokenizer", "diffusion_steps": null, "flops_estimate": null, "flops_arch": null, "flops_model_params": null, "flops_active_params": null, "tokens_non_final": 3, "tokens_reasoning": 0, "tokens_response": 3, "elapsed_seconds": 0.20862126350402832, "judgement": "Way off"}
{"id": "units_000327", "topic": "units", "subtopic": "lb_oz", "prompt": "You buy 3.49 lb at $9.52 per lb. About how much is that total?", "exact_value": 33.22, "model": "qwen/qwen2.5-3b-instruct", "provider": "transformers", "response": "Final answer: 3", "numeric_answer": 3.0, "relative_error": 0.909692956050572, "thinking_text": null, "has_tool_call": false, "tool_call": null, "usage": {"prompt_tokens": 166, "completion_tokens": 6, "total_tokens": 172, "token_count_source": "tokenizer"}, "decoding": {"temperature": 0.2, "top_p": null, "top_k": null, "max_tokens": 256, "seed": 42}, "prompt_tokens": 166, "completion_tokens": 6, "total_tokens": 172, "token_count_source": "tokenizer", "diffusion_steps": null, "flops_estimate": null, "flops_arch": null, "flops_model_params": null, "flops_active_params": null, "tokens_non_final": 3, "tokens_reasoning": 0, "tokens_response": 3, "elapsed_seconds": 0.2077488899230957, "judgement": "Way off"}
{"id": "units_000347", "topic": "units", "subtopic": "lb_oz", "prompt": "You buy 3.01 lb at $10.95 per lb. About how much is that total?", "exact_value": 32.96, "model": "qwen/qwen2.5-3b-instruct", "provider": "transformers", "response": "Final answer: 30", "numeric_answer": 30.0, "relative_error": 0.08980582524271848, "thinking_text": null, "has_tool_call": false, "tool_call": null, "usage": {"prompt_tokens": 167, "completion_tokens": 7, "total_tokens": 174, "token_count_source": "tokenizer"}, "decoding": {"temperature": 0.2, "top_p": null, "top_k": null, "max_tokens": 256, "seed": 42}, "prompt_tokens": 167, "completion_tokens": 7, "total_tokens": 174, "token_count_source": "tokenizer", "diffusion_steps": null, "flops_estimate": null, "flops_arch": null, "flops_model_params": null, "flops_active_params": null, "tokens_non_final": 3, "tokens_reasoning": 0, "tokens_response": 3, "elapsed_seconds": 0.23192310333251953, "judgement": "Good approximation"}
{"id": "units_000367", "topic": "units", "subtopic": "lb_oz", "prompt": "You buy 3.8 lb at $7.49 per lb. About how much is that total?", "exact_value": 28.46, "model": "qwen/qwen2.5-3b-instruct", "provider": "transformers", "response": "Final answer: 20", "numeric_answer": 20.0, "relative_error": 0.2972593113141251, "thinking_text": null, "has_tool_call": false, "tool_call": null, "usage": {"prompt_tokens": 165, "completion_tokens": 7, "total_tokens": 172, "token_count_source": "tokenizer"}, "decoding": {"temperature": 0.2, "top_p": null, "top_k": null, "max_tokens": 256, "seed": 42}, "prompt_tokens": 165, "completion_tokens": 7, "total_tokens": 172, "token_count_source": "tokenizer", "diffusion_steps": null, "flops_estimate": null, "flops_arch": null, "flops_model_params": null, "flops_active_params": null, "tokens_non_final": 3, "tokens_reasoning": 0, "tokens_response": 3, "elapsed_seconds": 0.24919342994689941, "judgement": "Mildly off"}
{"id": "units_000387", "topic": "units", "subtopic": "lb_oz", "prompt": "You buy 4.21 lb at $6.38 per lb. About how much is that total?", "exact_value": 26.86, "model": "qwen/qwen2.5-3b-instruct", "provider": "transformers", "response": "Final answer: 25", "numeric_answer": 25.0, "relative_error": 0.06924795234549513, "thinking_text": null, "has_tool_call": false, "tool_call": null, "usage": {"prompt_tokens": 166, "completion_tokens": 7, "total_tokens": 173, "token_count_source": "tokenizer"}, "decoding": {"temperature": 0.2, "top_p": null, "top_k": null, "max_tokens": 256, "seed": 42}, "prompt_tokens": 166, "completion_tokens": 7, "total_tokens": 173, "token_count_source": "tokenizer", "diffusion_steps": null, "flops_estimate": null, "flops_arch": null, "flops_model_params": null, "flops_active_params": null, "tokens_non_final": 3, "tokens_reasoning": 0, "tokens_response": 3, "elapsed_seconds": 0.24112939834594727, "judgement": "Good approximation"}
{"id": "units_000407", "topic": "units", "subtopic": "lb_oz", "prompt": "You buy 0.85 lb at $12.01 per lb. About how much is that total?", "exact_value": 10.21, "model": "qwen/qwen2.5-3b-instruct", "provider": "transformers", "response": "Final answer: 1", "numeric_answer": 1.0, "relative_error": 0.9020568070519099, "thinking_text": null, "has_tool_call": false, "tool_call": null, "usage": {"prompt_tokens": 167, "completion_tokens": 6, "total_tokens": 173, "token_count_source": "tokenizer"}, "decoding": {"temperature": 0.2, "top_p": null, "top_k": null, "max_tokens": 256, "seed": 42}, "prompt_tokens": 167, "completion_tokens": 6, "total_tokens": 173, "token_count_source": "tokenizer", "diffusion_steps": null, "flops_estimate": null, "flops_arch": null, "flops_model_params": null, "flops_active_params": null, "tokens_non_final": 3, "tokens_reasoning": 0, "tokens_response": 3, "elapsed_seconds": 0.22115612030029297, "judgement": "Way off"}
{"id": "units_000427", "topic": "units", "subtopic": "kg_g", "prompt": "An item costs $11.43 per kg. You take 400 g. About how much is that?", "exact_value": 4.57, "model": "qwen/qwen2.5-3b-instruct", "provider": "transformers", "response": "Final answer: 4", "numeric_answer": 4.0, "relative_error": 0.12472647702407008, "thinking_text": null, "has_tool_call": false, "tool_call": null, "usage": {"prompt_tokens": 168, "completion_tokens": 6, "total_tokens": 174, "token_count_source": "tokenizer"}, "decoding": {"temperature": 0.2, "top_p": null, "top_k": null, "max_tokens": 256, "seed": 42}, "prompt_tokens": 168, "completion_tokens": 6, "total_tokens": 174, "token_count_source": "tokenizer", "diffusion_steps": null, "flops_estimate": null, "flops_arch": null, "flops_model_params": null, "flops_active_params": null, "tokens_non_final": 3, "tokens_reasoning": 0, "tokens_response": 3, "elapsed_seconds": 0.20209550857543945, "judgement": "Good approximation"}
{"id": "units_000447", "topic": "units", "subtopic": "lb_oz", "prompt": "You buy 3.87 lb at $13.72 per lb. About how much is that total?", "exact_value": 53.1, "model": "qwen/qwen2.5-3b-instruct", "provider": "transformers", "response": "Final answer: 15", "numeric_answer": 15.0, "relative_error": 0.7175141242937854, "thinking_text": null, "has_tool_call": false, "tool_call": null, "usage": {"prompt_tokens": 167, "completion_tokens": 7, "total_tokens": 174, "token_count_source": "tokenizer"}, "decoding": {"temperature": 0.2, "top_p": null, "top_k": null, "max_tokens": 256, "seed": 42}, "prompt_tokens": 167, "completion_tokens": 7, "total_tokens": 174, "token_count_source": "tokenizer", "diffusion_steps": null, "flops_estimate": null, "flops_arch": null, "flops_model_params": null, "flops_active_params": null, "tokens_non_final": 3, "tokens_reasoning": 0, "tokens_response": 3, "elapsed_seconds": 0.255615234375, "judgement": "Way off"}
{"id": "units_000467", "topic": "units", "subtopic": "lb_oz", "prompt": "You buy 0.68 lb at $7.36 per lb. About how much is that total?", "exact_value": 5.0, "model": "qwen/qwen2.5-3b-instruct", "provider": "transformers", "response": "Final answer: 3", "numeric_answer": 3.0, "relative_error": 0.4, "thinking_text": null, "has_tool_call": false, "tool_call": null, "usage": {"prompt_tokens": 166, "completion_tokens": 6, "total_tokens": 172, "token_count_source": "tokenizer"}, "decoding": {"temperature": 0.2, "top_p": null, "top_k": null, "max_tokens": 256, "seed": 42}, "prompt_tokens": 166, "completion_tokens": 6, "total_tokens": 172, "token_count_source": "tokenizer", "diffusion_steps": null, "flops_estimate": null, "flops_arch": null, "flops_model_params": null, "flops_active_params": null, "tokens_non_final": 3, "tokens_reasoning": 0, "tokens_response": 3, "elapsed_seconds": 0.209808349609375, "judgement": "Mildly off"}
{"id": "units_000487", "topic": "units", "subtopic": "lb_oz", "prompt": "You buy 4.95 lb at $8.57 per lb. About how much is that total?", "exact_value": 42.42, "model": "qwen/qwen2.5-3b-instruct", "provider": "transformers", "response": "Final answer: 5", "numeric_answer": 5.0, "relative_error": 0.8821310702498821, "thinking_text": null, "has_tool_call": false, "tool_call": null, "usage": {"prompt_tokens": 166, "completion_tokens": 6, "total_tokens": 172, "token_count_source": "tokenizer"}, "decoding": {"temperature": 0.2, "top_p": null, "top_k": null, "max_tokens": 256, "seed": 42}, "prompt_tokens": 166, "completion_tokens": 6, "total_tokens": 172, "token_count_source": "tokenizer", "diffusion_steps": null, "flops_estimate": null, "flops_arch": null, "flops_model_params": null, "flops_active_params": null, "tokens_non_final": 3, "tokens_reasoning": 0, "tokens_response": 3, "elapsed_seconds": 0.2139122486114502, "judgement": "Way off"}
{"id": "units_000507", "topic": "units", "subtopic": "lb_oz", "prompt": "You buy 0.55 lb at $7.62 per lb. About how much is that total?", "exact_value": 4.19, "model": "qwen/qwen2.5-3b-instruct", "provider": "transformers", "response": "Final answer: 4", "numeric_answer": 4.0, "relative_error": 0.045346062052506055, "thinking_text": null, "has_tool_call": false, "tool_call": null, "usage": {"prompt_tokens": 166, "completion_tokens": 6, "total_tokens": 172, "token_count_source": "tokenizer"}, "decoding": {"temperature": 0.2, "top_p": null, "top_k": null, "max_tokens": 256, "seed": 42}, "prompt_tokens": 166, "completion_tokens": 6, "total_tokens": 172, "token_count_source": "tokenizer", "diffusion_steps": null, "flops_estimate": null, "flops_arch": null, "flops_model_params": null, "flops_active_params": null, "tokens_non_final": 3, "tokens_reasoning": 0, "tokens_response": 3, "elapsed_seconds": 0.21271038055419922, "judgement": "Good approximation"}
{"id": "units_000527", "topic": "units", "subtopic": "kg_g", "prompt": "An item costs $6.70 per kg. You take 750 g. About how much is that?", "exact_value": 5.03, "model": "qwen/qwen2.5-3b-instruct", "provider": "transformers", "response": "Final answer: 2", "numeric_answer": 2.0, "relative_error": 0.6023856858846919, "thinking_text": null, "has_tool_call": false, "tool_call": null, "usage": {"prompt_tokens": 167, "completion_tokens": 6, "total_tokens": 173, "token_count_source": "tokenizer"}, "decoding": {"temperature": 0.2, "top_p": null, "top_k": null, "max_tokens": 256, "seed": 42}, "prompt_tokens": 167, "completion_tokens": 6, "total_tokens": 173, "token_count_source": "tokenizer", "diffusion_steps": null, "flops_estimate": null, "flops_arch": null, "flops_model_params": null, "flops_active_params": null, "tokens_non_final": 3, "tokens_reasoning": 0, "tokens_response": 3, "elapsed_seconds": 0.21078157424926758, "judgement": "Way off"}
{"id": "units_000547", "topic": "units", "subtopic": "kg_g", "prompt": "An item costs $7.37 per kg. You take 350 g. About how much is that?", "exact_value": 2.58, "model": "qwen/qwen2.5-3b-instruct", "provider": "transformers", "response": "Final answer: 2", "numeric_answer": 2.0, "relative_error": 0.2248062015503876, "thinking_text": null, "has_tool_call": false, "tool_call": null, "usage": {"prompt_tokens": 167, "completion_tokens": 6, "total_tokens": 173, "token_count_source": "tokenizer"}, "decoding": {"temperature": 0.2, "top_p": null, "top_k": null, "max_tokens": 256, "seed": 42}, "prompt_tokens": 167, "completion_tokens": 6, "total_tokens": 173, "token_count_source": "tokenizer", "diffusion_steps": null, "flops_estimate": null, "flops_arch": null, "flops_model_params": null, "flops_active_params": null, "tokens_non_final": 3, "tokens_reasoning": 0, "tokens_response": 3, "elapsed_seconds": 0.20954442024230957, "judgement": "Mildly off"}
{"id": "units_000567", "topic": "units", "subtopic": "kg_g", "prompt": "An item costs $10.70 per kg. You take 900 g. About how much is that?", "exact_value": 9.63, "model": "qwen/qwen2.5-3b-instruct", "provider": "transformers", "response": "Final answer: 10", "numeric_answer": 10.0, "relative_error": 0.03842159916926264, "thinking_text": null, "has_tool_call": false, "tool_call": null, "usage": {"prompt_tokens": 168, "completion_tokens": 7, "total_tokens": 175, "token_count_source": "tokenizer"}, "decoding": {"temperature": 0.2, "top_p": null, "top_k": null, "max_tokens": 256, "seed": 42}, "prompt_tokens": 168, "completion_tokens": 7, "total_tokens": 175, "token_count_source": "tokenizer", "diffusion_steps": null, "flops_estimate": null, "flops_arch": null, "flops_model_params": null, "flops_active_params": null, "tokens_non_final": 3, "tokens_reasoning": 0, "tokens_response": 3, "elapsed_seconds": 0.24526095390319824, "judgement": "Good approximation"}
{"id": "units_000587", "topic": "units", "subtopic": "kg_g", "prompt": "An item costs $4.94 per kg. You take 350 g. About how much is that?", "exact_value": 1.73, "model": "qwen/qwen2.5-3b-instruct", "provider": "transformers", "response": "Final answer: 2", "numeric_answer": 2.0, "relative_error": 0.15606936416184972, "thinking_text": null, "has_tool_call": false, "tool_call": null, "usage": {"prompt_tokens": 167, "completion_tokens": 6, "total_tokens": 173, "token_count_source": "tokenizer"}, "decoding": {"temperature": 0.2, "top_p": null, "top_k": null, "max_tokens": 256, "seed": 42}, "prompt_tokens": 167, "completion_tokens": 6, "total_tokens": 173, "token_count_source": "tokenizer", "diffusion_steps": null, "flops_estimate": null, "flops_arch": null, "flops_model_params": null, "flops_active_params": null, "tokens_non_final": 3, "tokens_reasoning": 0, "tokens_response": 3, "elapsed_seconds": 0.20703530311584473, "judgement": "Good approximation"}
{"id": "units_000607", "topic": "units", "subtopic": "kg_g", "prompt": "An item costs $11.97 per kg. You take 400 g. About how much is that?", "exact_value": 4.79, "model": "qwen/qwen2.5-3b-instruct", "provider": "transformers", "response": "Final answer: 5", "numeric_answer": 5.0, "relative_error": 0.04384133611691022, "thinking_text": null, "has_tool_call": false, "tool_call": null, "usage": {"prompt_tokens": 168, "completion_tokens": 6, "total_tokens": 174, "token_count_source": "tokenizer"}, "decoding": {"temperature": 0.2, "top_p": null, "top_k": null, "max_tokens": 256, "seed": 42}, "prompt_tokens": 168, "completion_tokens": 6, "total_tokens": 174, "token_count_source": "tokenizer", "diffusion_steps": null, "flops_estimate": null, "flops_arch": null, "flops_model_params": null, "flops_active_params": null, "tokens_non_final": 3, "tokens_reasoning": 0, "tokens_response": 3, "elapsed_seconds": 0.2120048999786377, "judgement": "Good approximation"}
{"id": "units_000627", "topic": "units", "subtopic": "lb_oz", "prompt": "You buy 2.13 lb at $11.95 per lb. About how much is that total?", "exact_value": 25.45, "model": "qwen/qwen2.5-3b-instruct", "provider": "transformers", "response": "Final answer: 2", "numeric_answer": 2.0, "relative_error": 0.9214145383104125, "thinking_text": null, "has_tool_call": false, "tool_call": null, "usage": {"prompt_tokens": 167, "completion_tokens": 6, "total_tokens": 173, "token_count_source": "tokenizer"}, "decoding": {"temperature": 0.2, "top_p": null, "top_k": null, "max_tokens": 256, "seed": 42}, "prompt_tokens": 167, "completion_tokens": 6, "total_tokens": 173, "token_count_source": "tokenizer", "diffusion_steps": null, "flops_estimate": null, "flops_arch": null, "flops_model_params": null, "flops_active_params": null, "tokens_non_final": 3, "tokens_reasoning": 0, "tokens_response": 3, "elapsed_seconds": 0.2037825584411621, "judgement": "Way off"}
{"id": "units_000647", "topic": "units", "subtopic": "kg_g", "prompt": "An item costs $10.91 per kg. You take 900 g. About how much is that?", "exact_value": 9.82, "model": "qwen/qwen2.5-3b-instruct", "provider": "transformers", "response": "Final answer: 1", "numeric_answer": 1.0, "relative_error": 0.8981670061099797, "thinking_text": null, "has_tool_call": false, "tool_call": null, "usage": {"prompt_tokens": 168, "completion_tokens": 6, "total_tokens": 174, "token_count_source": "tokenizer"}, "decoding": {"temperature": 0.2, "top_p": null, "top_k": null, "max_tokens": 256, "seed": 42}, "prompt_tokens": 168, "completion_tokens": 6, "total_tokens": 174, "token_count_source": "tokenizer", "diffusion_steps": null, "flops_estimate": null, "flops_arch": null, "flops_model_params": null, "flops_active_params": null, "tokens_non_final": 3, "tokens_reasoning": 0, "tokens_response": 3, "elapsed_seconds": 0.20969820022583008, "judgement": "Way off"}
{"id": "units_000667", "topic": "units", "subtopic": "kg_g", "prompt": "An item costs $13.39 per kg. You take 300 g. About how much is that?", "exact_value": 4.02, "model": "qwen/qwen2.5-3b-instruct", "provider": "transformers", "response": "Final answer: 4", "numeric_answer": 4.0, "relative_error": 0.004975124378109347, "thinking_text": null, "has_tool_call": false, "tool_call": null, "usage": {"prompt_tokens": 168, "completion_tokens": 6, "total_tokens": 174, "token_count_source": "tokenizer"}, "decoding": {"temperature": 0.2, "top_p": null, "top_k": null, "max_tokens": 256, "seed": 42}, "prompt_tokens": 168, "completion_tokens": 6, "total_tokens": 174, "token_count_source": "tokenizer", "diffusion_steps": null, "flops_estimate": null, "flops_arch": null, "flops_model_params": null, "flops_active_params": null, "tokens_non_final": 3, "tokens_reasoning": 0, "tokens_response": 3, "elapsed_seconds": 0.20867514610290527, "judgement": "Good approximation"}
{"id": "units_000687", "topic": "units", "subtopic": "lb_oz", "prompt": "You buy 1.93 lb at $5.24 per lb. About how much is that total?", "exact_value": 10.11, "model": "qwen/qwen2.5-3b-instruct", "provider": "transformers", "response": "Final answer: 12", "numeric_answer": 12.0, "relative_error": 0.18694362017804161, "thinking_text": null, "has_tool_call": false, "tool_call": null, "usage": {"prompt_tokens": 166, "completion_tokens": 7, "total_tokens": 173, "token_count_source": "tokenizer"}, "decoding": {"temperature": 0.2, "top_p": null, "top_k": null, "max_tokens": 256, "seed": 42}, "prompt_tokens": 166, "completion_tokens": 7, "total_tokens": 173, "token_count_source": "tokenizer", "diffusion_steps": null, "flops_estimate": null, "flops_arch": null, "flops_model_params": null, "flops_active_params": null, "tokens_non_final": 3, "tokens_reasoning": 0, "tokens_response": 3, "elapsed_seconds": 0.23917508125305176, "judgement": "Good approximation"}
{"id": "units_000707", "topic": "units", "subtopic": "kg_g", "prompt": "An item costs $7.61 per kg. You take 400 g. About how much is that?", "exact_value": 3.04, "model": "qwen/qwen2.5-3b-instruct", "provider": "transformers", "response": "Final answer: 3", "numeric_answer": 3.0, "relative_error": 0.013157894736842117, "thinking_text": null, "has_tool_call": false, "tool_call": null, "usage": {"prompt_tokens": 167, "completion_tokens": 6, "total_tokens": 173, "token_count_source": "tokenizer"}, "decoding": {"temperature": 0.2, "top_p": null, "top_k": null, "max_tokens": 256, "seed": 42}, "prompt_tokens": 167, "completion_tokens": 6, "total_tokens": 173, "token_count_source": "tokenizer", "diffusion_steps": null, "flops_estimate": null, "flops_arch": null, "flops_model_params": null, "flops_active_params": null, "tokens_non_final": 3, "tokens_reasoning": 0, "tokens_response": 3, "elapsed_seconds": 0.205916166305542, "judgement": "Good approximation"}
{"id": "units_000727", "topic": "units", "subtopic": "lb_oz", "prompt": "You buy 3.59 lb at $10.93 per lb. About how much is that total?", "exact_value": 39.24, "model": "qwen/qwen2.5-3b-instruct", "provider": "transformers", "response": "Final answer: 4", "numeric_answer": 4.0, "relative_error": 0.8980632008154944, "thinking_text": null, "has_tool_call": false, "tool_call": null, "usage": {"prompt_tokens": 167, "completion_tokens": 6, "total_tokens": 173, "token_count_source": "tokenizer"}, "decoding": {"temperature": 0.2, "top_p": null, "top_k": null, "max_tokens": 256, "seed": 42}, "prompt_tokens": 167, "completion_tokens": 6, "total_tokens": 173, "token_count_source": "tokenizer", "diffusion_steps": null, "flops_estimate": null, "flops_arch": null, "flops_model_params": null, "flops_active_params": null, "tokens_non_final": 3, "tokens_reasoning": 0, "tokens_response": 3, "elapsed_seconds": 0.19853878021240234, "judgement": "Way off"}
{"id": "units_000747", "topic": "units", "subtopic": "lb_oz", "prompt": "You buy 2.72 lb at $3.64 per lb. About how much is that total?", "exact_value": 9.9, "model": "qwen/qwen2.5-3b-instruct", "provider": "transformers", "response": "Final answer: 9", "numeric_answer": 9.0, "relative_error": 0.09090909090909094, "thinking_text": null, "has_tool_call": false, "tool_call": null, "usage": {"prompt_tokens": 166, "completion_tokens": 6, "total_tokens": 172, "token_count_source": "tokenizer"}, "decoding": {"temperature": 0.2, "top_p": null, "top_k": null, "max_tokens": 256, "seed": 42}, "prompt_tokens": 166, "completion_tokens": 6, "total_tokens": 172, "token_count_source": "tokenizer", "diffusion_steps": null, "flops_estimate": null, "flops_arch": null, "flops_model_params": null, "flops_active_params": null, "tokens_non_final": 3, "tokens_reasoning": 0, "tokens_response": 3, "elapsed_seconds": 0.2085123062133789, "judgement": "Good approximation"}
{"id": "units_000767", "topic": "units", "subtopic": "kg_g", "prompt": "An item costs $11.67 per kg. You take 900 g. About how much is that?", "exact_value": 10.5, "model": "qwen/qwen2.5-3b-instruct", "provider": "transformers", "response": "Final answer: 10", "numeric_answer": 10.0, "relative_error": 0.047619047619047616, "thinking_text": null, "has_tool_call": false, "tool_call": null, "usage": {"prompt_tokens": 168, "completion_tokens": 7, "total_tokens": 175, "token_count_source": "tokenizer"}, "decoding": {"temperature": 0.2, "top_p": null, "top_k": null, "max_tokens": 256, "seed": 42}, "prompt_tokens": 168, "completion_tokens": 7, "total_tokens": 175, "token_count_source": "tokenizer", "diffusion_steps": null, "flops_estimate": null, "flops_arch": null, "flops_model_params": null, "flops_active_params": null, "tokens_non_final": 3, "tokens_reasoning": 0, "tokens_response": 3, "elapsed_seconds": 0.24233484268188477, "judgement": "Good approximation"}
{"id": "units_000787", "topic": "units", "subtopic": "kg_g", "prompt": "An item costs $10.33 per kg. You take 400 g. About how much is that?", "exact_value": 4.13, "model": "qwen/qwen2.5-3b-instruct", "provider": "transformers", "response": "Final answer: 4", "numeric_answer": 4.0, "relative_error": 0.03147699757869247, "thinking_text": null, "has_tool_call": false, "tool_call": null, "usage": {"prompt_tokens": 168, "completion_tokens": 6, "total_tokens": 174, "token_count_source": "tokenizer"}, "decoding": {"temperature": 0.2, "top_p": null, "top_k": null, "max_tokens": 256, "seed": 42}, "prompt_tokens": 168, "completion_tokens": 6, "total_tokens": 174, "token_count_source": "tokenizer", "diffusion_steps": null, "flops_estimate": null, "flops_arch": null, "flops_model_params": null, "flops_active_params": null, "tokens_non_final": 3, "tokens_reasoning": 0, "tokens_response": 3, "elapsed_seconds": 0.2083897590637207, "judgement": "Good approximation"}
{"id": "units_000807", "topic": "units", "subtopic": "kg_g", "prompt": "An item costs $17.42 per kg. You take 400 g. About how much is that?", "exact_value": 6.97, "model": "qwen/qwen2.5-3b-instruct", "provider": "transformers", "response": "Final answer: 7", "numeric_answer": 7.0, "relative_error": 0.004304160688665746, "thinking_text": null, "has_tool_call": false, "tool_call": null, "usage": {"prompt_tokens": 168, "completion_tokens": 6, "total_tokens": 174, "token_count_source": "tokenizer"}, "decoding": {"temperature": 0.2, "top_p": null, "top_k": null, "max_tokens": 256, "seed": 42}, "prompt_tokens": 168, "completion_tokens": 6, "total_tokens": 174, "token_count_source": "tokenizer", "diffusion_steps": null, "flops_estimate": null, "flops_arch": null, "flops_model_params": null, "flops_active_params": null, "tokens_non_final": 3, "tokens_reasoning": 0, "tokens_response": 3, "elapsed_seconds": 0.2034904956817627, "judgement": "Good approximation"}
{"id": "units_000827", "topic": "units", "subtopic": "lb_oz", "prompt": "You buy 3.71 lb at $14.59 per lb. About how much is that total?", "exact_value": 54.13, "model": "qwen/qwen2.5-3b-instruct", "provider": "transformers", "response": "Final answer: 20", "numeric_answer": 20.0, "relative_error": 0.6305191206355071, "thinking_text": null, "has_tool_call": false, "tool_call": null, "usage": {"prompt_tokens": 167, "completion_tokens": 7, "total_tokens": 174, "token_count_source": "tokenizer"}, "decoding": {"temperature": 0.2, "top_p": null, "top_k": null, "max_tokens": 256, "seed": 42}, "prompt_tokens": 167, "completion_tokens": 7, "total_tokens": 174, "token_count_source": "tokenizer", "diffusion_steps": null, "flops_estimate": null, "flops_arch": null, "flops_model_params": null, "flops_active_params": null, "tokens_non_final": 3, "tokens_reasoning": 0, "tokens_response": 3, "elapsed_seconds": 0.24752092361450195, "judgement": "Way off"}
{"id": "units_000847", "topic": "units", "subtopic": "kg_g", "prompt": "An item costs $16.02 per kg. You take 300 g. About how much is that?", "exact_value": 4.81, "model": "qwen/qwen2.5-3b-instruct", "provider": "transformers", "response": "Final answer: 5", "numeric_answer": 5.0, "relative_error": 0.039501039501039586, "thinking_text": null, "has_tool_call": false, "tool_call": null, "usage": {"prompt_tokens": 168, "completion_tokens": 6, "total_tokens": 174, "token_count_source": "tokenizer"}, "decoding": {"temperature": 0.2, "top_p": null, "top_k": null, "max_tokens": 256, "seed": 42}, "prompt_tokens": 168, "completion_tokens": 6, "total_tokens": 174, "token_count_source": "tokenizer", "diffusion_steps": null, "flops_estimate": null, "flops_arch": null, "flops_model_params": null, "flops_active_params": null, "tokens_non_final": 3, "tokens_reasoning": 0, "tokens_response": 3, "elapsed_seconds": 0.2069683074951172, "judgement": "Good approximation"}
{"id": "units_000867", "topic": "units", "subtopic": "kg_g", "prompt": "An item costs $19.16 per kg. You take 750 g. About how much is that?", "exact_value": 14.37, "model": "qwen/qwen2.5-3b-instruct", "provider": "transformers", "response": "Final answer: 19", "numeric_answer": 19.0, "relative_error": 0.32219902574808634, "thinking_text": null, "has_tool_call": false, "tool_call": null, "usage": {"prompt_tokens": 168, "completion_tokens": 7, "total_tokens": 175, "token_count_source": "tokenizer"}, "decoding": {"temperature": 0.2, "top_p": null, "top_k": null, "max_tokens": 256, "seed": 42}, "prompt_tokens": 168, "completion_tokens": 7, "total_tokens": 175, "token_count_source": "tokenizer", "diffusion_steps": null, "flops_estimate": null, "flops_arch": null, "flops_model_params": null, "flops_active_params": null, "tokens_non_final": 3, "tokens_reasoning": 0, "tokens_response": 3, "elapsed_seconds": 0.2285749912261963, "judgement": "Mildly off"}
{"id": "units_000887", "topic": "units", "subtopic": "kg_g", "prompt": "An item costs $4.82 per kg. You take 750 g. About how much is that?", "exact_value": 3.62, "model": "qwen/qwen2.5-3b-instruct", "provider": "transformers", "response": "Final answer: 3", "numeric_answer": 3.0, "relative_error": 0.17127071823204423, "thinking_text": null, "has_tool_call": false, "tool_call": null, "usage": {"prompt_tokens": 167, "completion_tokens": 6, "total_tokens": 173, "token_count_source": "tokenizer"}, "decoding": {"temperature": 0.2, "top_p": null, "top_k": null, "max_tokens": 256, "seed": 42}, "prompt_tokens": 167, "completion_tokens": 6, "total_tokens": 173, "token_count_source": "tokenizer", "diffusion_steps": null, "flops_estimate": null, "flops_arch": null, "flops_model_params": null, "flops_active_params": null, "tokens_non_final": 3, "tokens_reasoning": 0, "tokens_response": 3, "elapsed_seconds": 0.2046525478363037, "judgement": "Good approximation"}
{"id": "units_000907", "topic": "units", "subtopic": "lb_oz", "prompt": "You buy 1.03 lb at $7.95 per lb. About how much is that total?", "exact_value": 8.19, "model": "qwen/qwen2.5-3b-instruct", "provider": "transformers", "response": "Final answer: 8", "numeric_answer": 8.0, "relative_error": 0.02319902319902314, "thinking_text": null, "has_tool_call": false, "tool_call": null, "usage": {"prompt_tokens": 166, "completion_tokens": 6, "total_tokens": 172, "token_count_source": "tokenizer"}, "decoding": {"temperature": 0.2, "top_p": null, "top_k": null, "max_tokens": 256, "seed": 42}, "prompt_tokens": 166, "completion_tokens": 6, "total_tokens": 172, "token_count_source": "tokenizer", "diffusion_steps": null, "flops_estimate": null, "flops_arch": null, "flops_model_params": null, "flops_active_params": null, "tokens_non_final": 3, "tokens_reasoning": 0, "tokens_response": 3, "elapsed_seconds": 0.2146167755126953, "judgement": "Good approximation"}
{"id": "units_000927", "topic": "units", "subtopic": "lb_oz", "prompt": "You buy 4.57 lb at $4.76 per lb. About how much is that total?", "exact_value": 21.75, "model": "qwen/qwen2.5-3b-instruct", "provider": "transformers", "response": "Final answer: 2", "numeric_answer": 2.0, "relative_error": 0.9080459770114943, "thinking_text": null, "has_tool_call": false, "tool_call": null, "usage": {"prompt_tokens": 166, "completion_tokens": 6, "total_tokens": 172, "token_count_source": "tokenizer"}, "decoding": {"temperature": 0.2, "top_p": null, "top_k": null, "max_tokens": 256, "seed": 42}, "prompt_tokens": 166, "completion_tokens": 6, "total_tokens": 172, "token_count_source": "tokenizer", "diffusion_steps": null, "flops_estimate": null, "flops_arch": null, "flops_model_params": null, "flops_active_params": null, "tokens_non_final": 3, "tokens_reasoning": 0, "tokens_response": 3, "elapsed_seconds": 0.20357513427734375, "judgement": "Way off"}
{"id": "units_000947", "topic": "units", "subtopic": "lb_oz", "prompt": "You buy 1.79 lb at $7.65 per lb. About how much is that total?", "exact_value": 13.69, "model": "qwen/qwen2.5-3b-instruct", "provider": "transformers", "response": "Final answer: 16", "numeric_answer": 16.0, "relative_error": 0.16873630387143904, "thinking_text": null, "has_tool_call": false, "tool_call": null, "usage": {"prompt_tokens": 166, "completion_tokens": 7, "total_tokens": 173, "token_count_source": "tokenizer"}, "decoding": {"temperature": 0.2, "top_p": null, "top_k": null, "max_tokens": 256, "seed": 42}, "prompt_tokens": 166, "completion_tokens": 7, "total_tokens": 173, "token_count_source": "tokenizer", "diffusion_steps": null, "flops_estimate": null, "flops_arch": null, "flops_model_params": null, "flops_active_params": null, "tokens_non_final": 3, "tokens_reasoning": 0, "tokens_response": 3, "elapsed_seconds": 0.2295830249786377, "judgement": "Good approximation"}
{"id": "units_000967", "topic": "units", "subtopic": "lb_oz", "prompt": "You buy 2.01 lb at $13.92 per lb. About how much is that total?", "exact_value": 27.98, "model": "qwen/qwen2.5-3b-instruct", "provider": "transformers", "response": "Final answer: 14", "numeric_answer": 14.0, "relative_error": 0.49964260185847037, "thinking_text": null, "has_tool_call": false, "tool_call": null, "usage": {"prompt_tokens": 167, "completion_tokens": 7, "total_tokens": 174, "token_count_source": "tokenizer"}, "decoding": {"temperature": 0.2, "top_p": null, "top_k": null, "max_tokens": 256, "seed": 42}, "prompt_tokens": 167, "completion_tokens": 7, "total_tokens": 174, "token_count_source": "tokenizer", "diffusion_steps": null, "flops_estimate": null, "flops_arch": null, "flops_model_params": null, "flops_active_params": null, "tokens_non_final": 3, "tokens_reasoning": 0, "tokens_response": 3, "elapsed_seconds": 0.24721574783325195, "judgement": "Mildly off"}
{"id": "units_000987", "topic": "units", "subtopic": "kg_g", "prompt": "An item costs $17.96 per kg. You take 500 g. About how much is that?", "exact_value": 8.98, "model": "qwen/qwen2.5-3b-instruct", "provider": "transformers", "response": "Final answer: 9", "numeric_answer": 9.0, "relative_error": 0.0022271714922048524, "thinking_text": null, "has_tool_call": false, "tool_call": null, "usage": {"prompt_tokens": 168, "completion_tokens": 6, "total_tokens": 174, "token_count_source": "tokenizer"}, "decoding": {"temperature": 0.2, "top_p": null, "top_k": null, "max_tokens": 256, "seed": 42}, "prompt_tokens": 168, "completion_tokens": 6, "total_tokens": 174, "token_count_source": "tokenizer", "diffusion_steps": null, "flops_estimate": null, "flops_arch": null, "flops_model_params": null, "flops_active_params": null, "tokens_non_final": 3, "tokens_reasoning": 0, "tokens_response": 3, "elapsed_seconds": 0.2062079906463623, "judgement": "Good approximation"}
{"id": "units_001007", "topic": "units", "subtopic": "lb_oz", "prompt": "You buy 3.75 lb at $12.94 per lb. About how much is that total?", "exact_value": 48.53, "model": "qwen/qwen2.5-3b-instruct", "provider": "transformers", "response": "Final answer: 15", "numeric_answer": 15.0, "relative_error": 0.6909128374201525, "thinking_text": null, "has_tool_call": false, "tool_call": null, "usage": {"prompt_tokens": 167, "completion_tokens": 7, "total_tokens": 174, "token_count_source": "tokenizer"}, "decoding": {"temperature": 0.2, "top_p": null, "top_k": null, "max_tokens": 256, "seed": 42}, "prompt_tokens": 167, "completion_tokens": 7, "total_tokens": 174, "token_count_source": "tokenizer", "diffusion_steps": null, "flops_estimate": null, "flops_arch": null, "flops_model_params": null, "flops_active_params": null, "tokens_non_final": 3, "tokens_reasoning": 0, "tokens_response": 3, "elapsed_seconds": 0.24388909339904785, "judgement": "Way off"}
{"id": "units_001027", "topic": "units", "subtopic": "kg_g", "prompt": "An item costs $17.61 per kg. You take 900 g. About how much is that?", "exact_value": 15.85, "model": "qwen/qwen2.5-3b-instruct", "provider": "transformers", "response": "Final answer: 18", "numeric_answer": 18.0, "relative_error": 0.1356466876971609, "thinking_text": null, "has_tool_call": false, "tool_call": null, "usage": {"prompt_tokens": 168, "completion_tokens": 7, "total_tokens": 175, "token_count_source": "tokenizer"}, "decoding": {"temperature": 0.2, "top_p": null, "top_k": null, "max_tokens": 256, "seed": 42}, "prompt_tokens": 168, "completion_tokens": 7, "total_tokens": 175, "token_count_source": "tokenizer", "diffusion_steps": null, "flops_estimate": null, "flops_arch": null, "flops_model_params": null, "flops_active_params": null, "tokens_non_final": 3, "tokens_reasoning": 0, "tokens_response": 3, "elapsed_seconds": 0.24432969093322754, "judgement": "Good approximation"}
{"id": "units_001047", "topic": "units", "subtopic": "kg_g", "prompt": "An item costs $4.66 per kg. You take 750 g. About how much is that?", "exact_value": 3.5, "model": "qwen/qwen2.5-3b-instruct", "provider": "transformers", "response": "Final answer: 3", "numeric_answer": 3.0, "relative_error": 0.14285714285714285, "thinking_text": null, "has_tool_call": false, "tool_call": null, "usage": {"prompt_tokens": 167, "completion_tokens": 6, "total_tokens": 173, "token_count_source": "tokenizer"}, "decoding": {"temperature": 0.2, "top_p": null, "top_k": null, "max_tokens": 256, "seed": 42}, "prompt_tokens": 167, "completion_tokens": 6, "total_tokens": 173, "token_count_source": "tokenizer", "diffusion_steps": null, "flops_estimate": null, "flops_arch": null, "flops_model_params": null, "flops_active_params": null, "tokens_non_final": 3, "tokens_reasoning": 0, "tokens_response": 3, "elapsed_seconds": 0.22661256790161133, "judgement": "Good approximation"}
{"id": "units_001067", "topic": "units", "subtopic": "lb_oz", "prompt": "You buy 5.21 lb at $3.37 per lb. About how much is that total?", "exact_value": 17.56, "model": "qwen/qwen2.5-3b-instruct", "provider": "transformers", "response": "Final answer: 16", "numeric_answer": 16.0, "relative_error": 0.08883826879271065, "thinking_text": null, "has_tool_call": false, "tool_call": null, "usage": {"prompt_tokens": 166, "completion_tokens": 7, "total_tokens": 173, "token_count_source": "tokenizer"}, "decoding": {"temperature": 0.2, "top_p": null, "top_k": null, "max_tokens": 256, "seed": 42}, "prompt_tokens": 166, "completion_tokens": 7, "total_tokens": 173, "token_count_source": "tokenizer", "diffusion_steps": null, "flops_estimate": null, "flops_arch": null, "flops_model_params": null, "flops_active_params": null, "tokens_non_final": 3, "tokens_reasoning": 0, "tokens_response": 3, "elapsed_seconds": 0.24258184432983398, "judgement": "Good approximation"}
{"id": "units_001087", "topic": "units", "subtopic": "kg_g", "prompt": "An item costs $7.42 per kg. You take 400 g. About how much is that?", "exact_value": 2.97, "model": "qwen/qwen2.5-3b-instruct", "provider": "transformers", "response": "Final answer: 3", "numeric_answer": 3.0, "relative_error": 0.010101010101010034, "thinking_text": null, "has_tool_call": false, "tool_call": null, "usage": {"prompt_tokens": 167, "completion_tokens": 6, "total_tokens": 173, "token_count_source": "tokenizer"}, "decoding": {"temperature": 0.2, "top_p": null, "top_k": null, "max_tokens": 256, "seed": 42}, "prompt_tokens": 167, "completion_tokens": 6, "total_tokens": 173, "token_count_source": "tokenizer", "diffusion_steps": null, "flops_estimate": null, "flops_arch": null, "flops_model_params": null, "flops_active_params": null, "tokens_non_final": 3, "tokens_reasoning": 0, "tokens_response": 3, "elapsed_seconds": 0.2029280662536621, "judgement": "Good approximation"}
{"id": "units_001107", "topic": "units", "subtopic": "kg_g", "prompt": "An item costs $19.86 per kg. You take 400 g. About how much is that?", "exact_value": 7.94, "model": "qwen/qwen2.5-3b-instruct", "provider": "transformers", "response": "Final answer: 9", "numeric_answer": 9.0, "relative_error": 0.13350125944584376, "thinking_text": null, "has_tool_call": false, "tool_call": null, "usage": {"prompt_tokens": 168, "completion_tokens": 6, "total_tokens": 174, "token_count_source": "tokenizer"}, "decoding": {"temperature": 0.2, "top_p": null, "top_k": null, "max_tokens": 256, "seed": 42}, "prompt_tokens": 168, "completion_tokens": 6, "total_tokens": 174, "token_count_source": "tokenizer", "diffusion_steps": null, "flops_estimate": null, "flops_arch": null, "flops_model_params": null, "flops_active_params": null, "tokens_non_final": 3, "tokens_reasoning": 0, "tokens_response": 3, "elapsed_seconds": 0.20908713340759277, "judgement": "Good approximation"}
{"id": "units_001127", "topic": "units", "subtopic": "kg_g", "prompt": "An item costs $5.63 per kg. You take 400 g. About how much is that?", "exact_value": 2.25, "model": "qwen/qwen2.5-3b-instruct", "provider": "transformers", "response": "Final answer: 2", "numeric_answer": 2.0, "relative_error": 0.1111111111111111, "thinking_text": null, "has_tool_call": false, "tool_call": null, "usage": {"prompt_tokens": 167, "completion_tokens": 6, "total_tokens": 173, "token_count_source": "tokenizer"}, "decoding": {"temperature": 0.2, "top_p": null, "top_k": null, "max_tokens": 256, "seed": 42}, "prompt_tokens": 167, "completion_tokens": 6, "total_tokens": 173, "token_count_source": "tokenizer", "diffusion_steps": null, "flops_estimate": null, "flops_arch": null, "flops_model_params": null, "flops_active_params": null, "tokens_non_final": 3, "tokens_reasoning": 0, "tokens_response": 3, "elapsed_seconds": 0.20887064933776855, "judgement": "Good approximation"}
{"id": "units_001147", "topic": "units", "subtopic": "lb_oz", "prompt": "You buy 0.86 lb at $7.70 per lb. About how much is that total?", "exact_value": 6.62, "model": "qwen/qwen2.5-3b-instruct", "provider": "transformers", "response": "Final answer: 8", "numeric_answer": 8.0, "relative_error": 0.20845921450151056, "thinking_text": null, "has_tool_call": false, "tool_call": null, "usage": {"prompt_tokens": 166, "completion_tokens": 6, "total_tokens": 172, "token_count_source": "tokenizer"}, "decoding": {"temperature": 0.2, "top_p": null, "top_k": null, "max_tokens": 256, "seed": 42}, "prompt_tokens": 166, "completion_tokens": 6, "total_tokens": 172, "token_count_source": "tokenizer", "diffusion_steps": null, "flops_estimate": null, "flops_arch": null, "flops_model_params": null, "flops_active_params": null, "tokens_non_final": 3, "tokens_reasoning": 0, "tokens_response": 3, "elapsed_seconds": 0.19664645195007324, "judgement": "Mildly off"}
{"id": "units_001167", "topic": "units", "subtopic": "kg_g", "prompt": "An item costs $5.90 per kg. You take 400 g. About how much is that?", "exact_value": 2.36, "model": "qwen/qwen2.5-3b-instruct", "provider": "transformers", "response": "Final answer: 2", "numeric_answer": 2.0, "relative_error": 0.1525423728813559, "thinking_text": null, "has_tool_call": false, "tool_call": null, "usage": {"prompt_tokens": 167, "completion_tokens": 6, "total_tokens": 173, "token_count_source": "tokenizer"}, "decoding": {"temperature": 0.2, "top_p": null, "top_k": null, "max_tokens": 256, "seed": 42}, "prompt_tokens": 167, "completion_tokens": 6, "total_tokens": 173, "token_count_source": "tokenizer", "diffusion_steps": null, "flops_estimate": null, "flops_arch": null, "flops_model_params": null, "flops_active_params": null, "tokens_non_final": 3, "tokens_reasoning": 0, "tokens_response": 3, "elapsed_seconds": 0.20880866050720215, "judgement": "Good approximation"}
{"id": "units_001187", "topic": "units", "subtopic": "lb_oz", "prompt": "You buy 3.21 lb at $10.48 per lb. About how much is that total?", "exact_value": 33.64, "model": "qwen/qwen2.5-3b-instruct", "provider": "transformers", "response": "Final answer: 10", "numeric_answer": 10.0, "relative_error": 0.7027348394768134, "thinking_text": null, "has_tool_call": false, "tool_call": null, "usage": {"prompt_tokens": 167, "completion_tokens": 7, "total_tokens": 174, "token_count_source": "tokenizer"}, "decoding": {"temperature": 0.2, "top_p": null, "top_k": null, "max_tokens": 256, "seed": 42}, "prompt_tokens": 167, "completion_tokens": 7, "total_tokens": 174, "token_count_source": "tokenizer", "diffusion_steps": null, "flops_estimate": null, "flops_arch": null, "flops_model_params": null, "flops_active_params": null, "tokens_non_final": 3, "tokens_reasoning": 0, "tokens_response": 3, "elapsed_seconds": 0.2278902530670166, "judgement": "Way off"}
{"id": "units_001207", "topic": "units", "subtopic": "lb_oz", "prompt": "You buy 1.97 lb at $9.55 per lb. About how much is that total?", "exact_value": 18.81, "model": "qwen/qwen2.5-3b-instruct", "provider": "transformers", "response": "Final answer: 20", "numeric_answer": 20.0, "relative_error": 0.06326422115895808, "thinking_text": null, "has_tool_call": false, "tool_call": null, "usage": {"prompt_tokens": 166, "completion_tokens": 7, "total_tokens": 173, "token_count_source": "tokenizer"}, "decoding": {"temperature": 0.2, "top_p": null, "top_k": null, "max_tokens": 256, "seed": 42}, "prompt_tokens": 166, "completion_tokens": 7, "total_tokens": 173, "token_count_source": "tokenizer", "diffusion_steps": null, "flops_estimate": null, "flops_arch": null, "flops_model_params": null, "flops_active_params": null, "tokens_non_final": 3, "tokens_reasoning": 0, "tokens_response": 3, "elapsed_seconds": 0.24427342414855957, "judgement": "Good approximation"}
{"id": "units_001227", "topic": "units", "subtopic": "lb_oz", "prompt": "You buy 5.24 lb at $7.66 per lb. About how much is that total?", "exact_value": 40.14, "model": "qwen/qwen2.5-3b-instruct", "provider": "transformers", "response": "Final answer: 35", "numeric_answer": 35.0, "relative_error": 0.1280518186347783, "thinking_text": null, "has_tool_call": false, "tool_call": null, "usage": {"prompt_tokens": 166, "completion_tokens": 7, "total_tokens": 173, "token_count_source": "tokenizer"}, "decoding": {"temperature": 0.2, "top_p": null, "top_k": null, "max_tokens": 256, "seed": 42}, "prompt_tokens": 166, "completion_tokens": 7, "total_tokens": 173, "token_count_source": "tokenizer", "diffusion_steps": null, "flops_estimate": null, "flops_arch": null, "flops_model_params": null, "flops_active_params": null, "tokens_non_final": 3, "tokens_reasoning": 0, "tokens_response": 3, "elapsed_seconds": 0.2369840145111084, "judgement": "Good approximation"}
{"id": "units_001247", "topic": "units", "subtopic": "kg_g", "prompt": "An item costs $5.89 per kg. You take 750 g. About how much is that?", "exact_value": 4.42, "model": "qwen/qwen2.5-3b-instruct", "provider": "transformers", "response": "Final answer: 4", "numeric_answer": 4.0, "relative_error": 0.09502262443438912, "thinking_text": null, "has_tool_call": false, "tool_call": null, "usage": {"prompt_tokens": 167, "completion_tokens": 6, "total_tokens": 173, "token_count_source": "tokenizer"}, "decoding": {"temperature": 0.2, "top_p": null, "top_k": null, "max_tokens": 256, "seed": 42}, "prompt_tokens": 167, "completion_tokens": 6, "total_tokens": 173, "token_count_source": "tokenizer", "diffusion_steps": null, "flops_estimate": null, "flops_arch": null, "flops_model_params": null, "flops_active_params": null, "tokens_non_final": 3, "tokens_reasoning": 0, "tokens_response": 3, "elapsed_seconds": 0.20914697647094727, "judgement": "Good approximation"}
{"id": "units_001267", "topic": "units", "subtopic": "kg_g", "prompt": "An item costs $17.87 per kg. You take 250 g. About how much is that?", "exact_value": 4.47, "model": "qwen/qwen2.5-3b-instruct", "provider": "transformers", "response": "Final answer: 4", "numeric_answer": 4.0, "relative_error": 0.10514541387024604, "thinking_text": null, "has_tool_call": false, "tool_call": null, "usage": {"prompt_tokens": 168, "completion_tokens": 6, "total_tokens": 174, "token_count_source": "tokenizer"}, "decoding": {"temperature": 0.2, "top_p": null, "top_k": null, "max_tokens": 256, "seed": 42}, "prompt_tokens": 168, "completion_tokens": 6, "total_tokens": 174, "token_count_source": "tokenizer", "diffusion_steps": null, "flops_estimate": null, "flops_arch": null, "flops_model_params": null, "flops_active_params": null, "tokens_non_final": 3, "tokens_reasoning": 0, "tokens_response": 3, "elapsed_seconds": 0.21100378036499023, "judgement": "Good approximation"}
{"id": "units_001287", "topic": "units", "subtopic": "kg_g", "prompt": "An item costs $6.27 per kg. You take 350 g. About how much is that?", "exact_value": 2.19, "model": "qwen/qwen2.5-3b-instruct", "provider": "transformers", "response": "Final answer: 2", "numeric_answer": 2.0, "relative_error": 0.08675799086757989, "thinking_text": null, "has_tool_call": false, "tool_call": null, "usage": {"prompt_tokens": 167, "completion_tokens": 6, "total_tokens": 173, "token_count_source": "tokenizer"}, "decoding": {"temperature": 0.2, "top_p": null, "top_k": null, "max_tokens": 256, "seed": 42}, "prompt_tokens": 167, "completion_tokens": 6, "total_tokens": 173, "token_count_source": "tokenizer", "diffusion_steps": null, "flops_estimate": null, "flops_arch": null, "flops_model_params": null, "flops_active_params": null, "tokens_non_final": 3, "tokens_reasoning": 0, "tokens_response": 3, "elapsed_seconds": 0.20280671119689941, "judgement": "Good approximation"}
{"id": "units_001307", "topic": "units", "subtopic": "lb_oz", "prompt": "You buy 5.85 lb at $4.79 per lb. About how much is that total?", "exact_value": 28.02, "model": "qwen/qwen2.5-3b-instruct", "provider": "transformers", "response": "Final answer: 2", "numeric_answer": 2.0, "relative_error": 0.9286224125624554, "thinking_text": null, "has_tool_call": false, "tool_call": null, "usage": {"prompt_tokens": 166, "completion_tokens": 6, "total_tokens": 172, "token_count_source": "tokenizer"}, "decoding": {"temperature": 0.2, "top_p": null, "top_k": null, "max_tokens": 256, "seed": 42}, "prompt_tokens": 166, "completion_tokens": 6, "total_tokens": 172, "token_count_source": "tokenizer", "diffusion_steps": null, "flops_estimate": null, "flops_arch": null, "flops_model_params": null, "flops_active_params": null, "tokens_non_final": 3, "tokens_reasoning": 0, "tokens_response": 3, "elapsed_seconds": 0.20577478408813477, "judgement": "Way off"}
{"id": "units_001327", "topic": "units", "subtopic": "lb_oz", "prompt": "You buy 3.55 lb at $11.49 per lb. About how much is that total?", "exact_value": 40.79, "model": "qwen/qwen2.5-3b-instruct", "provider": "transformers", "response": "Final answer: 36", "numeric_answer": 36.0, "relative_error": 0.11743074282912477, "thinking_text": null, "has_tool_call": false, "tool_call": null, "usage": {"prompt_tokens": 167, "completion_tokens": 7, "total_tokens": 174, "token_count_source": "tokenizer"}, "decoding": {"temperature": 0.2, "top_p": null, "top_k": null, "max_tokens": 256, "seed": 42}, "prompt_tokens": 167, "completion_tokens": 7, "total_tokens": 174, "token_count_source": "tokenizer", "diffusion_steps": null, "flops_estimate": null, "flops_arch": null, "flops_model_params": null, "flops_active_params": null, "tokens_non_final": 3, "tokens_reasoning": 0, "tokens_response": 3, "elapsed_seconds": 0.24374079704284668, "judgement": "Good approximation"}
{"id": "tips_000127", "topic": "tips", "subtopic": "tips_service", "prompt": "Bill is $61.32; service fee 0% and tip 22%. About how much do you pay in total?", "exact_value": 74.81, "model": "qwen/qwen2.5-3b-instruct", "provider": "transformers", "response": "Final answer: 70", "numeric_answer": 70.0, "relative_error": 0.06429621708327767, "thinking_text": null, "has_tool_call": false, "tool_call": null, "usage": {"prompt_tokens": 171, "completion_tokens": 7, "total_tokens": 178, "token_count_source": "tokenizer"}, "decoding": {"temperature": 0.2, "top_p": null, "top_k": null, "max_tokens": 256, "seed": 42}, "prompt_tokens": 171, "completion_tokens": 7, "total_tokens": 178, "token_count_source": "tokenizer", "diffusion_steps": null, "flops_estimate": null, "flops_arch": null, "flops_model_params": null, "flops_active_params": null, "tokens_non_final": 3, "tokens_reasoning": 0, "tokens_response": 3, "elapsed_seconds": 0.2573885917663574, "judgement": "Good approximation"}
{"id": "tips_000147", "topic": "tips", "subtopic": "tips_service", "prompt": "Bill is $28.37; service fee 3% and tip 15%. About how much do you pay in total?", "exact_value": 33.6, "model": "qwen/qwen2.5-3b-instruct", "provider": "transformers", "response": "Final answer: 34", "numeric_answer": 34.0, "relative_error": 0.011904761904761862, "thinking_text": null, "has_tool_call": false, "tool_call": null, "usage": {"prompt_tokens": 171, "completion_tokens": 7, "total_tokens": 178, "token_count_source": "tokenizer"}, "decoding": {"temperature": 0.2, "top_p": null, "top_k": null, "max_tokens": 256, "seed": 42}, "prompt_tokens": 171, "completion_tokens": 7, "total_tokens": 178, "token_count_source": "tokenizer", "diffusion_steps": null, "flops_estimate": null, "flops_arch": null, "flops_model_params": null, "flops_active_params": null, "tokens_non_final": 3, "tokens_reasoning": 0, "tokens_response": 3, "elapsed_seconds": 0.2426624298095703, "judgement": "Good approximation"}
{"id": "tips_000167", "topic": "tips", "subtopic": "tips_service", "prompt": "Bill is $104.95; service fee 3% and tip 22%. About how much do you pay in total?", "exact_value": 131.88, "model": "qwen/qwen2.5-3b-instruct", "provider": "transformers", "response": "Final answer: 76", "numeric_answer": 76.0, "relative_error": 0.42371853199878673, "thinking_text": null, "has_tool_call": false, "tool_call": null, "usage": {"prompt_tokens": 172, "completion_tokens": 7, "total_tokens": 179, "token_count_source": "tokenizer"}, "decoding": {"temperature": 0.2, "top_p": null, "top_k": null, "max_tokens": 256, "seed": 42}, "prompt_tokens": 172, "completion_tokens": 7, "total_tokens": 179, "token_count_source": "tokenizer", "diffusion_steps": null, "flops_estimate": null, "flops_arch": null, "flops_model_params": null, "flops_active_params": null, "tokens_non_final": 3, "tokens_reasoning": 0, "tokens_response": 3, "elapsed_seconds": 0.24959993362426758, "judgement": "Mildly off"}
{"id": "tips_000187", "topic": "tips", "subtopic": "tips_service", "prompt": "Bill is $21.63; service fee 5% and tip 18%. About how much do you pay in total?", "exact_value": 26.8, "model": "qwen/qwen2.5-3b-instruct", "provider": "transformers", "response": "Final answer: 45", "numeric_answer": 45.0, "relative_error": 0.6791044776119403, "thinking_text": null, "has_tool_call": false, "tool_call": null, "usage": {"prompt_tokens": 171, "completion_tokens": 7, "total_tokens": 178, "token_count_source": "tokenizer"}, "decoding": {"temperature": 0.2, "top_p": null, "top_k": null, "max_tokens": 256, "seed": 42}, "prompt_tokens": 171, "completion_tokens": 7, "total_tokens": 178, "token_count_source": "tokenizer", "diffusion_steps": null, "flops_estimate": null, "flops_arch": null, "flops_model_params": null, "flops_active_params": null, "tokens_non_final": 3, "tokens_reasoning": 0, "tokens_response": 3, "elapsed_seconds": 0.24530696868896484, "judgement": "Way off"}
{"id": "tips_000207", "topic": "tips", "subtopic": "tips_service", "prompt": "Bill is $33.06; service fee 0% and tip 18%. About how much do you pay in total?", "exact_value": 39.01, "model": "qwen/qwen2.5-3b-instruct", "provider": "transformers", "response": "Final answer: 33", "numeric_answer": 33.0, "relative_error": 0.15406306075365286, "thinking_text": null, "has_tool_call": false, "tool_call": null, "usage": {"prompt_tokens": 171, "completion_tokens": 7, "total_tokens": 178, "token_count_source": "tokenizer"}, "decoding": {"temperature": 0.2, "top_p": null, "top_k": null, "max_tokens": 256, "seed": 42}, "prompt_tokens": 171, "completion_tokens": 7, "total_tokens": 178, "token_count_source": "tokenizer", "diffusion_steps": null, "flops_estimate": null, "flops_arch": null, "flops_model_params": null, "flops_active_params": null, "tokens_non_final": 3, "tokens_reasoning": 0, "tokens_response": 3, "elapsed_seconds": 0.24842548370361328, "judgement": "Good approximation"}
{"id": "tips_000227", "topic": "tips", "subtopic": "tips_service", "prompt": "Bill is $72.70; service fee 3% and tip 22%. About how much do you pay in total?", "exact_value": 91.35, "model": "qwen/qwen2.5-3b-instruct", "provider": "transformers", "response": "Final answer: 49", "numeric_answer": 49.0, "relative_error": 0.4636015325670498, "thinking_text": null, "has_tool_call": false, "tool_call": null, "usage": {"prompt_tokens": 171, "completion_tokens": 7, "total_tokens": 178, "token_count_source": "tokenizer"}, "decoding": {"temperature": 0.2, "top_p": null, "top_k": null, "max_tokens": 256, "seed": 42}, "prompt_tokens": 171, "completion_tokens": 7, "total_tokens": 178, "token_count_source": "tokenizer", "diffusion_steps": null, "flops_estimate": null, "flops_arch": null, "flops_model_params": null, "flops_active_params": null, "tokens_non_final": 3, "tokens_reasoning": 0, "tokens_response": 3, "elapsed_seconds": 0.2409353256225586, "judgement": "Mildly off"}
{"id": "tips_000247", "topic": "tips", "subtopic": "tips_service", "prompt": "Bill is $79.43; service fee 0% and tip 22%. About how much do you pay in total?", "exact_value": 96.9, "model": "qwen/qwen2.5-3b-instruct", "provider": "transformers", "response": "Final answer: 100", "numeric_answer": 100.0, "relative_error": 0.03199174406604741, "thinking_text": null, "has_tool_call": false, "tool_call": null, "usage": {"prompt_tokens": 171, "completion_tokens": 8, "total_tokens": 179, "token_count_source": "tokenizer"}, "decoding": {"temperature": 0.2, "top_p": null, "top_k": null, "max_tokens": 256, "seed": 42}, "prompt_tokens": 171, "completion_tokens": 8, "total_tokens": 179, "token_count_source": "tokenizer", "diffusion_steps": null, "flops_estimate": null, "flops_arch": null, "flops_model_params": null, "flops_active_params": null, "tokens_non_final": 3, "tokens_reasoning": 0, "tokens_response": 3, "elapsed_seconds": 0.27704501152038574, "judgement": "Good approximation"}
{"id": "tips_000267", "topic": "tips", "subtopic": "tips_service", "prompt": "Bill is $66.82; service fee 3% and tip 22%. About how much do you pay in total?", "exact_value": 83.97, "model": "qwen/qwen2.5-3b-instruct", "provider": "transformers", "response": "Final answer: 94", "numeric_answer": 94.0, "relative_error": 0.11944742169822557, "thinking_text": null, "has_tool_call": false, "tool_call": null, "usage": {"prompt_tokens": 171, "completion_tokens": 7, "total_tokens": 178, "token_count_source": "tokenizer"}, "decoding": {"temperature": 0.2, "top_p": null, "top_k": null, "max_tokens": 256, "seed": 42}, "prompt_tokens": 171, "completion_tokens": 7, "total_tokens": 178, "token_count_source": "tokenizer", "diffusion_steps": null, "flops_estimate": null, "flops_arch": null, "flops_model_params": null, "flops_active_params": null, "tokens_non_final": 3, "tokens_reasoning": 0, "tokens_response": 3, "elapsed_seconds": 0.24083614349365234, "judgement": "Good approximation"}
{"id": "tips_000287", "topic": "tips", "subtopic": "tips_service", "prompt": "Bill is $54.76; service fee 5% and tip 18%. About how much do you pay in total?", "exact_value": 67.85, "model": "qwen/qwen2.5-3b-instruct", "provider": "transformers", "response": "Final answer: 80", "numeric_answer": 80.0, "relative_error": 0.17907148120854838, "thinking_text": null, "has_tool_call": false, "tool_call": null, "usage": {"prompt_tokens": 171, "completion_tokens": 7, "total_tokens": 178, "token_count_source": "tokenizer"}, "decoding": {"temperature": 0.2, "top_p": null, "top_k": null, "max_tokens": 256, "seed": 42}, "prompt_tokens": 171, "completion_tokens": 7, "total_tokens": 178, "token_count_source": "tokenizer", "diffusion_steps": null, "flops_estimate": null, "flops_arch": null, "flops_model_params": null, "flops_active_params": null, "tokens_non_final": 3, "tokens_reasoning": 0, "tokens_response": 3, "elapsed_seconds": 0.24771404266357422, "judgement": "Good approximation"}
{"id": "tips_000307", "topic": "tips", "subtopic": "tips_service", "prompt": "Bill is $114.55; service fee 3% and tip 22%. About how much do you pay in total?", "exact_value": 143.94, "model": "qwen/qwen2.5-3b-instruct", "provider": "transformers", "response": "Final answer: 68", "numeric_answer": 68.0, "relative_error": 0.52758093650132, "thinking_text": null, "has_tool_call": false, "tool_call": null, "usage": {"prompt_tokens": 172, "completion_tokens": 7, "total_tokens": 179, "token_count_source": "tokenizer"}, "decoding": {"temperature": 0.2, "top_p": null, "top_k": null, "max_tokens": 256, "seed": 42}, "prompt_tokens": 172, "completion_tokens": 7, "total_tokens": 179, "token_count_source": "tokenizer", "diffusion_steps": null, "flops_estimate": null, "flops_arch": null, "flops_model_params": null, "flops_active_params": null, "tokens_non_final": 3, "tokens_reasoning": 0, "tokens_response": 3, "elapsed_seconds": 0.2400214672088623, "judgement": "Mildly off"}
{"id": "tips_000327", "topic": "tips", "subtopic": "tips_service", "prompt": "Bill is $31.62; service fee 5% and tip 18%. About how much do you pay in total?", "exact_value": 39.18, "model": "qwen/qwen2.5-3b-instruct", "provider": "transformers", "response": "Final answer: 5", "numeric_answer": 5.0, "relative_error": 0.8723838693210821, "thinking_text": null, "has_tool_call": false, "tool_call": null, "usage": {"prompt_tokens": 171, "completion_tokens": 6, "total_tokens": 177, "token_count_source": "tokenizer"}, "decoding": {"temperature": 0.2, "top_p": null, "top_k": null, "max_tokens": 256, "seed": 42}, "prompt_tokens": 171, "completion_tokens": 6, "total_tokens": 177, "token_count_source": "tokenizer", "diffusion_steps": null, "flops_estimate": null, "flops_arch": null, "flops_model_params": null, "flops_active_params": null, "tokens_non_final": 3, "tokens_reasoning": 0, "tokens_response": 3, "elapsed_seconds": 0.21188998222351074, "judgement": "Way off"}
{"id": "tips_000347", "topic": "tips", "subtopic": "tips_service", "prompt": "Bill is $22.85; service fee 3% and tip 15%. About how much do you pay in total?", "exact_value": 27.07, "model": "qwen/qwen2.5-3b-instruct", "provider": "transformers", "response": "Final answer: 4", "numeric_answer": 4.0, "relative_error": 0.8522349464351681, "thinking_text": null, "has_tool_call": false, "tool_call": null, "usage": {"prompt_tokens": 171, "completion_tokens": 6, "total_tokens": 177, "token_count_source": "tokenizer"}, "decoding": {"temperature": 0.2, "top_p": null, "top_k": null, "max_tokens": 256, "seed": 42}, "prompt_tokens": 171, "completion_tokens": 6, "total_tokens": 177, "token_count_source": "tokenizer", "diffusion_steps": null, "flops_estimate": null, "flops_arch": null, "flops_model_params": null, "flops_active_params": null, "tokens_non_final": 3, "tokens_reasoning": 0, "tokens_response": 3, "elapsed_seconds": 0.2140815258026123, "judgement": "Way off"}
{"id": "tips_000367", "topic": "tips", "subtopic": "tips_service", "prompt": "Bill is $82.68; service fee 0% and tip 15%. About how much do you pay in total?", "exact_value": 95.08, "model": "qwen/qwen2.5-3b-instruct", "provider": "transformers", "response": "Final answer: 12", "numeric_answer": 12.0, "relative_error": 0.8737904922170804, "thinking_text": null, "has_tool_call": false, "tool_call": null, "usage": {"prompt_tokens": 171, "completion_tokens": 7, "total_tokens": 178, "token_count_source": "tokenizer"}, "decoding": {"temperature": 0.2, "top_p": null, "top_k": null, "max_tokens": 256, "seed": 42}, "prompt_tokens": 171, "completion_tokens": 7, "total_tokens": 178, "token_count_source": "tokenizer", "diffusion_steps": null, "flops_estimate": null, "flops_arch": null, "flops_model_params": null, "flops_active_params": null, "tokens_non_final": 3, "tokens_reasoning": 0, "tokens_response": 3, "elapsed_seconds": 0.24859404563903809, "judgement": "Way off"}
{"id": "tips_000387", "topic": "tips", "subtopic": "tips_service", "prompt": "Bill is $87.76; service fee 3% and tip 22%. About how much do you pay in total?", "exact_value": 110.28, "model": "qwen/qwen2.5-3b-instruct", "provider": "transformers", "response": "Final answer: 110", "numeric_answer": 110.0, "relative_error": 0.0025389916575988495, "thinking_text": null, "has_tool_call": false, "tool_call": null, "usage": {"prompt_tokens": 171, "completion_tokens": 8, "total_tokens": 179, "token_count_source": "tokenizer"}, "decoding": {"temperature": 0.2, "top_p": null, "top_k": null, "max_tokens": 256, "seed": 42}, "prompt_tokens": 171, "completion_tokens": 8, "total_tokens": 179, "token_count_source": "tokenizer", "diffusion_steps": null, "flops_estimate": null, "flops_arch": null, "flops_model_params": null, "flops_active_params": null, "tokens_non_final": 3, "tokens_reasoning": 0, "tokens_response": 3, "elapsed_seconds": 0.28480076789855957, "judgement": "Good approximation"}
{"id": "tips_000407", "topic": "tips", "subtopic": "tips_service", "prompt": "Bill is $81.00; service fee 3% and tip 20%. About how much do you pay in total?", "exact_value": 100.12, "model": "qwen/qwen2.5-3b-instruct", "provider": "transformers", "response": "Final answer: 10", "numeric_answer": 10.0, "relative_error": 0.9001198561725929, "thinking_text": null, "has_tool_call": false, "tool_call": null, "usage": {"prompt_tokens": 171, "completion_tokens": 7, "total_tokens": 178, "token_count_source": "tokenizer"}, "decoding": {"temperature": 0.2, "top_p": null, "top_k": null, "max_tokens": 256, "seed": 42}, "prompt_tokens": 171, "completion_tokens": 7, "total_tokens": 178, "token_count_source": "tokenizer", "diffusion_steps": null, "flops_estimate": null, "flops_arch": null, "flops_model_params": null, "flops_active_params": null, "tokens_non_final": 3, "tokens_reasoning": 0, "tokens_response": 3, "elapsed_seconds": 0.24137353897094727, "judgement": "Way off"}
{"id": "tips_000427", "topic": "tips", "subtopic": "tips_service", "prompt": "Bill is $99.26; service fee 0% and tip 22%. About how much do you pay in total?", "exact_value": 121.1, "model": "qwen/qwen2.5-3b-instruct", "provider": "transformers", "response": "Final answer: 120", "numeric_answer": 120.0, "relative_error": 0.009083402146985916, "thinking_text": null, "has_tool_call": false, "tool_call": null, "usage": {"prompt_tokens": 171, "completion_tokens": 8, "total_tokens": 179, "token_count_source": "tokenizer"}, "decoding": {"temperature": 0.2, "top_p": null, "top_k": null, "max_tokens": 256, "seed": 42}, "prompt_tokens": 171, "completion_tokens": 8, "total_tokens": 179, "token_count_source": "tokenizer", "diffusion_steps": null, "flops_estimate": null, "flops_arch": null, "flops_model_params": null, "flops_active_params": null, "tokens_non_final": 3, "tokens_reasoning": 0, "tokens_response": 3, "elapsed_seconds": 0.2765462398529053, "judgement": "Good approximation"}
{"id": "tips_000447", "topic": "tips", "subtopic": "tips_service", "prompt": "Bill is $13.43; service fee 3% and tip 18%. About how much do you pay in total?", "exact_value": 16.32, "model": "qwen/qwen2.5-3b-instruct", "provider": "transformers", "response": "Final answer: 25", "numeric_answer": 25.0, "relative_error": 0.5318627450980392, "thinking_text": null, "has_tool_call": false, "tool_call": null, "usage": {"prompt_tokens": 171, "completion_tokens": 7, "total_tokens": 178, "token_count_source": "tokenizer"}, "decoding": {"temperature": 0.2, "top_p": null, "top_k": null, "max_tokens": 256, "seed": 42}, "prompt_tokens": 171, "completion_tokens": 7, "total_tokens": 178, "token_count_source": "tokenizer", "diffusion_steps": null, "flops_estimate": null, "flops_arch": null, "flops_model_params": null, "flops_active_params": null, "tokens_non_final": 3, "tokens_reasoning": 0, "tokens_response": 3, "elapsed_seconds": 0.2494490146636963, "judgement": "Mildly off"}
{"id": "tips_000467", "topic": "tips", "subtopic": "tips_service", "prompt": "Bill is $47.68; service fee 5% and tip 22%. About how much do you pay in total?", "exact_value": 61.08, "model": "qwen/qwen2.5-3b-instruct", "provider": "transformers", "response": "Final answer: 63", "numeric_answer": 63.0, "relative_error": 0.031434184675834996, "thinking_text": null, "has_tool_call": false, "tool_call": null, "usage": {"prompt_tokens": 171, "completion_tokens": 7, "total_tokens": 178, "token_count_source": "tokenizer"}, "decoding": {"temperature": 0.2, "top_p": null, "top_k": null, "max_tokens": 256, "seed": 42}, "prompt_tokens": 171, "completion_tokens": 7, "total_tokens": 178, "token_count_source": "tokenizer", "diffusion_steps": null, "flops_estimate": null, "flops_arch": null, "flops_model_params": null, "flops_active_params": null, "tokens_non_final": 3, "tokens_reasoning": 0, "tokens_response": 3, "elapsed_seconds": 0.24144244194030762, "judgement": "Good approximation"}
{"id": "tips_000487", "topic": "tips", "subtopic": "tips_service", "prompt": "Bill is $84.77; service fee 0% and tip 22%. About how much do you pay in total?", "exact_value": 103.42, "model": "qwen/qwen2.5-3b-instruct", "provider": "transformers", "response": "Final answer: 110", "numeric_answer": 110.0, "relative_error": 0.06362405724231288, "thinking_text": null, "has_tool_call": false, "tool_call": null, "usage": {"prompt_tokens": 171, "completion_tokens": 8, "total_tokens": 179, "token_count_source": "tokenizer"}, "decoding": {"temperature": 0.2, "top_p": null, "top_k": null, "max_tokens": 256, "seed": 42}, "prompt_tokens": 171, "completion_tokens": 8, "total_tokens": 179, "token_count_source": "tokenizer", "diffusion_steps": null, "flops_estimate": null, "flops_arch": null, "flops_model_params": null, "flops_active_params": null, "tokens_non_final": 3, "tokens_reasoning": 0, "tokens_response": 3, "elapsed_seconds": 0.28134942054748535, "judgement": "Good approximation"}
{"id": "tips_000507", "topic": "tips", "subtopic": "tips_service", "prompt": "Bill is $71.65; service fee 5% and tip 22%. About how much do you pay in total?", "exact_value": 91.78, "model": "qwen/qwen2.5-3b-instruct", "provider": "transformers", "response": "Final answer: 84", "numeric_answer": 84.0, "relative_error": 0.08476792329483548, "thinking_text": null, "has_tool_call": false, "tool_call": null, "usage": {"prompt_tokens": 171, "completion_tokens": 7, "total_tokens": 178, "token_count_source": "tokenizer"}, "decoding": {"temperature": 0.2, "top_p": null, "top_k": null, "max_tokens": 256, "seed": 42}, "prompt_tokens": 171, "completion_tokens": 7, "total_tokens": 178, "token_count_source": "tokenizer", "diffusion_steps": null, "flops_estimate": null, "flops_arch": null, "flops_model_params": null, "flops_active_params": null, "tokens_non_final": 3, "tokens_reasoning": 0, "tokens_response": 3, "elapsed_seconds": 0.23962688446044922, "judgement": "Good approximation"}
{"id": "tips_000527", "topic": "tips", "subtopic": "tips_service", "prompt": "Bill is $84.44; service fee 5% and tip 18%. About how much do you pay in total?", "exact_value": 104.62, "model": "qwen/qwen2.5-3b-instruct", "provider": "transformers", "response": "Final answer: 110", "numeric_answer": 110.0, "relative_error": 0.051424201873446714, "thinking_text": null, "has_tool_call": false, "tool_call": null, "usage": {"prompt_tokens": 171, "completion_tokens": 8, "total_tokens": 179, "token_count_source": "tokenizer"}, "decoding": {"temperature": 0.2, "top_p": null, "top_k": null, "max_tokens": 256, "seed": 42}, "prompt_tokens": 171, "completion_tokens": 8, "total_tokens": 179, "token_count_source": "tokenizer", "diffusion_steps": null, "flops_estimate": null, "flops_arch": null, "flops_model_params": null, "flops_active_params": null, "tokens_non_final": 3, "tokens_reasoning": 0, "tokens_response": 3, "elapsed_seconds": 0.2845804691314697, "judgement": "Good approximation"}
{"id": "tips_000547", "topic": "tips", "subtopic": "tips_service", "prompt": "Bill is $32.84; service fee 0% and tip 18%. About how much do you pay in total?", "exact_value": 38.75, "model": "qwen/qwen2.5-3b-instruct", "provider": "transformers", "response": "Final answer: 9", "numeric_answer": 9.0, "relative_error": 0.7677419354838709, "thinking_text": null, "has_tool_call": false, "tool_call": null, "usage": {"prompt_tokens": 171, "completion_tokens": 6, "total_tokens": 177, "token_count_source": "tokenizer"}, "decoding": {"temperature": 0.2, "top_p": null, "top_k": null, "max_tokens": 256, "seed": 42}, "prompt_tokens": 171, "completion_tokens": 6, "total_tokens": 177, "token_count_source": "tokenizer", "diffusion_steps": null, "flops_estimate": null, "flops_arch": null, "flops_model_params": null, "flops_active_params": null, "tokens_non_final": 3, "tokens_reasoning": 0, "tokens_response": 3, "elapsed_seconds": 0.2170858383178711, "judgement": "Way off"}
{"id": "tips_000567", "topic": "tips", "subtopic": "tips_service", "prompt": "Bill is $102.88; service fee 3% and tip 20%. About how much do you pay in total?", "exact_value": 127.16, "model": "qwen/qwen2.5-3b-instruct", "provider": "transformers", "response": "Final answer: 14", "numeric_answer": 14.0, "relative_error": 0.8899024850581944, "thinking_text": null, "has_tool_call": false, "tool_call": null, "usage": {"prompt_tokens": 172, "completion_tokens": 7, "total_tokens": 179, "token_count_source": "tokenizer"}, "decoding": {"temperature": 0.2, "top_p": null, "top_k": null, "max_tokens": 256, "seed": 42}, "prompt_tokens": 172, "completion_tokens": 7, "total_tokens": 179, "token_count_source": "tokenizer", "diffusion_steps": null, "flops_estimate": null, "flops_arch": null, "flops_model_params": null, "flops_active_params": null, "tokens_non_final": 3, "tokens_reasoning": 0, "tokens_response": 3, "elapsed_seconds": 0.2425384521484375, "judgement": "Way off"}
{"id": "tips_000587", "topic": "tips", "subtopic": "tips_service", "prompt": "Bill is $100.09; service fee 0% and tip 18%. About how much do you pay in total?", "exact_value": 118.11, "model": "qwen/qwen2.5-3b-instruct", "provider": "transformers", "response": "Final answer: 23", "numeric_answer": 23.0, "relative_error": 0.8052662771992211, "thinking_text": null, "has_tool_call": false, "tool_call": null, "usage": {"prompt_tokens": 172, "completion_tokens": 7, "total_tokens": 179, "token_count_source": "tokenizer"}, "decoding": {"temperature": 0.2, "top_p": null, "top_k": null, "max_tokens": 256, "seed": 42}, "prompt_tokens": 172, "completion_tokens": 7, "total_tokens": 179, "token_count_source": "tokenizer", "diffusion_steps": null, "flops_estimate": null, "flops_arch": null, "flops_model_params": null, "flops_active_params": null, "tokens_non_final": 3, "tokens_reasoning": 0, "tokens_response": 3, "elapsed_seconds": 0.24690532684326172, "judgement": "Way off"}
{"id": "tips_000607", "topic": "tips", "subtopic": "tips_service", "prompt": "Bill is $35.03; service fee 0% and tip 18%. About how much do you pay in total?", "exact_value": 41.34, "model": "qwen/qwen2.5-3b-instruct", "provider": "transformers", "response": "Final answer: 4", "numeric_answer": 4.0, "relative_error": 0.9032414126753749, "thinking_text": null, "has_tool_call": false, "tool_call": null, "usage": {"prompt_tokens": 171, "completion_tokens": 6, "total_tokens": 177, "token_count_source": "tokenizer"}, "decoding": {"temperature": 0.2, "top_p": null, "top_k": null, "max_tokens": 256, "seed": 42}, "prompt_tokens": 171, "completion_tokens": 6, "total_tokens": 177, "token_count_source": "tokenizer", "diffusion_steps": null, "flops_estimate": null, "flops_arch": null, "flops_model_params": null, "flops_active_params": null, "tokens_non_final": 3, "tokens_reasoning": 0, "tokens_response": 3, "elapsed_seconds": 0.20341157913208008, "judgement": "Way off"}
{"id": "tips_000627", "topic": "tips", "subtopic": "tips_service", "prompt": "Bill is $17.92; service fee 0% and tip 20%. About how much do you pay in total?", "exact_value": 21.5, "model": "qwen/qwen2.5-3b-instruct", "provider": "transformers", "response": "Final answer: 18", "numeric_answer": 18.0, "relative_error": 0.16279069767441862, "thinking_text": null, "has_tool_call": false, "tool_call": null, "usage": {"prompt_tokens": 171, "completion_tokens": 7, "total_tokens": 178, "token_count_source": "tokenizer"}, "decoding": {"temperature": 0.2, "top_p": null, "top_k": null, "max_tokens": 256, "seed": 42}, "prompt_tokens": 171, "completion_tokens": 7, "total_tokens": 178, "token_count_source": "tokenizer", "diffusion_steps": null, "flops_estimate": null, "flops_arch": null, "flops_model_params": null, "flops_active_params": null, "tokens_non_final": 3, "tokens_reasoning": 0, "tokens_response": 3, "elapsed_seconds": 0.24678397178649902, "judgement": "Good approximation"}
{"id": "tips_000647", "topic": "tips", "subtopic": "tips_service", "prompt": "Bill is $72.20; service fee 0% and tip 18%. About how much do you pay in total?", "exact_value": 85.2, "model": "qwen/qwen2.5-3b-instruct", "provider": "transformers", "response": "Final answer: 14", "numeric_answer": 14.0, "relative_error": 0.8356807511737089, "thinking_text": null, "has_tool_call": false, "tool_call": null, "usage": {"prompt_tokens": 171, "completion_tokens": 7, "total_tokens": 178, "token_count_source": "tokenizer"}, "decoding": {"temperature": 0.2, "top_p": null, "top_k": null, "max_tokens": 256, "seed": 42}, "prompt_tokens": 171, "completion_tokens": 7, "total_tokens": 178, "token_count_source": "tokenizer", "diffusion_steps": null, "flops_estimate": null, "flops_arch": null, "flops_model_params": null, "flops_active_params": null, "tokens_non_final": 3, "tokens_reasoning": 0, "tokens_response": 3, "elapsed_seconds": 0.27951955795288086, "judgement": "Way off"}
{"id": "tips_000667", "topic": "tips", "subtopic": "tips_service", "prompt": "Bill is $28.54; service fee 5% and tip 15%. About how much do you pay in total?", "exact_value": 34.46, "model": "qwen/qwen2.5-3b-instruct", "provider": "transformers", "response": "Final answer: 36", "numeric_answer": 36.0, "relative_error": 0.04468949506674402, "thinking_text": null, "has_tool_call": false, "tool_call": null, "usage": {"prompt_tokens": 171, "completion_tokens": 7, "total_tokens": 178, "token_count_source": "tokenizer"}, "decoding": {"temperature": 0.2, "top_p": null, "top_k": null, "max_tokens": 256, "seed": 42}, "prompt_tokens": 171, "completion_tokens": 7, "total_tokens": 178, "token_count_source": "tokenizer", "diffusion_steps": null, "flops_estimate": null, "flops_arch": null, "flops_model_params": null, "flops_active_params": null, "tokens_non_final": 3, "tokens_reasoning": 0, "tokens_response": 3, "elapsed_seconds": 0.2387380599975586, "judgement": "Good approximation"}
{"id": "tips_000687", "topic": "tips", "subtopic": "tips_service", "prompt": "Bill is $24.54; service fee 0% and tip 20%. About how much do you pay in total?", "exact_value": 29.45, "model": "qwen/qwen2.5-3b-instruct", "provider": "transformers", "response": "Final answer: 8", "numeric_answer": 8.0, "relative_error": 0.7283531409168081, "thinking_text": null, "has_tool_call": false, "tool_call": null, "usage": {"prompt_tokens": 171, "completion_tokens": 6, "total_tokens": 177, "token_count_source": "tokenizer"}, "decoding": {"temperature": 0.2, "top_p": null, "top_k": null, "max_tokens": 256, "seed": 42}, "prompt_tokens": 171, "completion_tokens": 6, "total_tokens": 177, "token_count_source": "tokenizer", "diffusion_steps": null, "flops_estimate": null, "flops_arch": null, "flops_model_params": null, "flops_active_params": null, "tokens_non_final": 3, "tokens_reasoning": 0, "tokens_response": 3, "elapsed_seconds": 0.20944619178771973, "judgement": "Way off"}
{"id": "tips_000707", "topic": "tips", "subtopic": "tips_service", "prompt": "Bill is $115.78; service fee 0% and tip 15%. About how much do you pay in total?", "exact_value": 133.15, "model": "qwen/qwen2.5-3b-instruct", "provider": "transformers", "response": "Final answer: 63", "numeric_answer": 63.0, "relative_error": 0.5268494179496809, "thinking_text": null, "has_tool_call": false, "tool_call": null, "usage": {"prompt_tokens": 172, "completion_tokens": 7, "total_tokens": 179, "token_count_source": "tokenizer"}, "decoding": {"temperature": 0.2, "top_p": null, "top_k": null, "max_tokens": 256, "seed": 42}, "prompt_tokens": 172, "completion_tokens": 7, "total_tokens": 179, "token_count_source": "tokenizer", "diffusion_steps": null, "flops_estimate": null, "flops_arch": null, "flops_model_params": null, "flops_active_params": null, "tokens_non_final": 3, "tokens_reasoning": 0, "tokens_response": 3, "elapsed_seconds": 0.24641799926757812, "judgement": "Mildly off"}
{"id": "tips_000727", "topic": "tips", "subtopic": "tips_service", "prompt": "Bill is $100.10; service fee 0% and tip 18%. About how much do you pay in total?", "exact_value": 118.12, "model": "qwen/qwen2.5-3b-instruct", "provider": "transformers", "response": "Final answer: 22", "numeric_answer": 22.0, "relative_error": 0.813748730104978, "thinking_text": null, "has_tool_call": false, "tool_call": null, "usage": {"prompt_tokens": 172, "completion_tokens": 7, "total_tokens": 179, "token_count_source": "tokenizer"}, "decoding": {"temperature": 0.2, "top_p": null, "top_k": null, "max_tokens": 256, "seed": 42}, "prompt_tokens": 172, "completion_tokens": 7, "total_tokens": 179, "token_count_source": "tokenizer", "diffusion_steps": null, "flops_estimate": null, "flops_arch": null, "flops_model_params": null, "flops_active_params": null, "tokens_non_final": 3, "tokens_reasoning": 0, "tokens_response": 3, "elapsed_seconds": 0.2269132137298584, "judgement": "Way off"}
{"id": "tips_000747", "topic": "tips", "subtopic": "tips_service", "prompt": "Bill is $119.18; service fee 0% and tip 15%. About how much do you pay in total?", "exact_value": 137.06, "model": "qwen/qwen2.5-3b-instruct", "provider": "transformers", "response": "Final answer: 120", "numeric_answer": 120.0, "relative_error": 0.12447103458339415, "thinking_text": null, "has_tool_call": false, "tool_call": null, "usage": {"prompt_tokens": 172, "completion_tokens": 8, "total_tokens": 180, "token_count_source": "tokenizer"}, "decoding": {"temperature": 0.2, "top_p": null, "top_k": null, "max_tokens": 256, "seed": 42}, "prompt_tokens": 172, "completion_tokens": 8, "total_tokens": 180, "token_count_source": "tokenizer", "diffusion_steps": null, "flops_estimate": null, "flops_arch": null, "flops_model_params": null, "flops_active_params": null, "tokens_non_final": 3, "tokens_reasoning": 0, "tokens_response": 3, "elapsed_seconds": 0.28226685523986816, "judgement": "Good approximation"}
{"id": "tips_000767", "topic": "tips", "subtopic": "tips_service", "prompt": "Bill is $12.91; service fee 3% and tip 18%. About how much do you pay in total?", "exact_value": 15.69, "model": "qwen/qwen2.5-3b-instruct", "provider": "transformers", "response": "Final answer: 18", "numeric_answer": 18.0, "relative_error": 0.14722753346080308, "thinking_text": null, "has_tool_call": false, "tool_call": null, "usage": {"prompt_tokens": 171, "completion_tokens": 7, "total_tokens": 178, "token_count_source": "tokenizer"}, "decoding": {"temperature": 0.2, "top_p": null, "top_k": null, "max_tokens": 256, "seed": 42}, "prompt_tokens": 171, "completion_tokens": 7, "total_tokens": 178, "token_count_source": "tokenizer", "diffusion_steps": null, "flops_estimate": null, "flops_arch": null, "flops_model_params": null, "flops_active_params": null, "tokens_non_final": 3, "tokens_reasoning": 0, "tokens_response": 3, "elapsed_seconds": 0.23693537712097168, "judgement": "Good approximation"}
{"id": "tips_000787", "topic": "tips", "subtopic": "tips_service", "prompt": "Bill is $77.28; service fee 5% and tip 22%. About how much do you pay in total?", "exact_value": 99.0, "model": "qwen/qwen2.5-3b-instruct", "provider": "transformers", "response": "Final answer: 100", "numeric_answer": 100.0, "relative_error": 0.010101010101010102, "thinking_text": null, "has_tool_call": false, "tool_call": null, "usage": {"prompt_tokens": 171, "completion_tokens": 8, "total_tokens": 179, "token_count_source": "tokenizer"}, "decoding": {"temperature": 0.2, "top_p": null, "top_k": null, "max_tokens": 256, "seed": 42}, "prompt_tokens": 171, "completion_tokens": 8, "total_tokens": 179, "token_count_source": "tokenizer", "diffusion_steps": null, "flops_estimate": null, "flops_arch": null, "flops_model_params": null, "flops_active_params": null, "tokens_non_final": 3, "tokens_reasoning": 0, "tokens_response": 3, "elapsed_seconds": 0.280104398727417, "judgement": "Good approximation"}
{"id": "tips_000807", "topic": "tips", "subtopic": "tips_service", "prompt": "Bill is $114.97; service fee 3% and tip 20%. About how much do you pay in total?", "exact_value": 142.1, "model": "qwen/qwen2.5-3b-instruct", "provider": "transformers", "response": "Final answer: 140", "numeric_answer": 140.0, "relative_error": 0.01477832512315267, "thinking_text": null, "has_tool_call": false, "tool_call": null, "usage": {"prompt_tokens": 172, "completion_tokens": 8, "total_tokens": 180, "token_count_source": "tokenizer"}, "decoding": {"temperature": 0.2, "top_p": null, "top_k": null, "max_tokens": 256, "seed": 42}, "prompt_tokens": 172, "completion_tokens": 8, "total_tokens": 180, "token_count_source": "tokenizer", "diffusion_steps": null, "flops_estimate": null, "flops_arch": null, "flops_model_params": null, "flops_active_params": null, "tokens_non_final": 3, "tokens_reasoning": 0, "tokens_response": 3, "elapsed_seconds": 0.2780489921569824, "judgement": "Good approximation"}
{"id": "tips_000827", "topic": "tips", "subtopic": "tips_service", "prompt": "Bill is $39.73; service fee 5% and tip 22%. About how much do you pay in total?", "exact_value": 50.89, "model": "qwen/qwen2.5-3b-instruct", "provider": "transformers", "response": "Final answer: 64", "numeric_answer": 64.0, "relative_error": 0.2576144625663195, "thinking_text": null, "has_tool_call": false, "tool_call": null, "usage": {"prompt_tokens": 171, "completion_tokens": 7, "total_tokens": 178, "token_count_source": "tokenizer"}, "decoding": {"temperature": 0.2, "top_p": null, "top_k": null, "max_tokens": 256, "seed": 42}, "prompt_tokens": 171, "completion_tokens": 7, "total_tokens": 178, "token_count_source": "tokenizer", "diffusion_steps": null, "flops_estimate": null, "flops_arch": null, "flops_model_params": null, "flops_active_params": null, "tokens_non_final": 3, "tokens_reasoning": 0, "tokens_response": 3, "elapsed_seconds": 0.24186420440673828, "judgement": "Mildly off"}
{"id": "tips_000847", "topic": "tips", "subtopic": "tips_service", "prompt": "Bill is $108.02; service fee 3% and tip 20%. About how much do you pay in total?", "exact_value": 133.51, "model": "qwen/qwen2.5-3b-instruct", "provider": "transformers", "response": "Final answer: 22", "numeric_answer": 22.0, "relative_error": 0.8352183357051907, "thinking_text": null, "has_tool_call": false, "tool_call": null, "usage": {"prompt_tokens": 172, "completion_tokens": 7, "total_tokens": 179, "token_count_source": "tokenizer"}, "decoding": {"temperature": 0.2, "top_p": null, "top_k": null, "max_tokens": 256, "seed": 42}, "prompt_tokens": 172, "completion_tokens": 7, "total_tokens": 179, "token_count_source": "tokenizer", "diffusion_steps": null, "flops_estimate": null, "flops_arch": null, "flops_model_params": null, "flops_active_params": null, "tokens_non_final": 3, "tokens_reasoning": 0, "tokens_response": 3, "elapsed_seconds": 0.24806952476501465, "judgement": "Way off"}
{"id": "tips_000867", "topic": "tips", "subtopic": "tips_service", "prompt": "Bill is $93.22; service fee 3% and tip 22%. About how much do you pay in total?", "exact_value": 117.14, "model": "qwen/qwen2.5-3b-instruct", "provider": "transformers", "response": "Final answer: 46", "numeric_answer": 46.0, "relative_error": 0.6073074953047636, "thinking_text": null, "has_tool_call": false, "tool_call": null, "usage": {"prompt_tokens": 171, "completion_tokens": 7, "total_tokens": 178, "token_count_source": "tokenizer"}, "decoding": {"temperature": 0.2, "top_p": null, "top_k": null, "max_tokens": 256, "seed": 42}, "prompt_tokens": 171, "completion_tokens": 7, "total_tokens": 178, "token_count_source": "tokenizer", "diffusion_steps": null, "flops_estimate": null, "flops_arch": null, "flops_model_params": null, "flops_active_params": null, "tokens_non_final": 3, "tokens_reasoning": 0, "tokens_response": 3, "elapsed_seconds": 0.24830031394958496, "judgement": "Way off"}
{"id": "tips_000887", "topic": "tips", "subtopic": "tips_service", "prompt": "Bill is $41.32; service fee 0% and tip 18%. About how much do you pay in total?", "exact_value": 48.76, "model": "qwen/qwen2.5-3b-instruct", "provider": "transformers", "response": "Final answer: 9", "numeric_answer": 9.0, "relative_error": 0.815422477440525, "thinking_text": null, "has_tool_call": false, "tool_call": null, "usage": {"prompt_tokens": 171, "completion_tokens": 6, "total_tokens": 177, "token_count_source": "tokenizer"}, "decoding": {"temperature": 0.2, "top_p": null, "top_k": null, "max_tokens": 256, "seed": 42}, "prompt_tokens": 171, "completion_tokens": 6, "total_tokens": 177, "token_count_source": "tokenizer", "diffusion_steps": null, "flops_estimate": null, "flops_arch": null, "flops_model_params": null, "flops_active_params": null, "tokens_non_final": 3, "tokens_reasoning": 0, "tokens_response": 3, "elapsed_seconds": 0.19646596908569336, "judgement": "Way off"}
{"id": "tips_000907", "topic": "tips", "subtopic": "tips_service", "prompt": "Bill is $65.03; service fee 3% and tip 22%. About how much do you pay in total?", "exact_value": 81.72, "model": "qwen/qwen2.5-3b-instruct", "provider": "transformers", "response": "Final answer: 92", "numeric_answer": 92.0, "relative_error": 0.12579539892315225, "thinking_text": null, "has_tool_call": false, "tool_call": null, "usage": {"prompt_tokens": 171, "completion_tokens": 7, "total_tokens": 178, "token_count_source": "tokenizer"}, "decoding": {"temperature": 0.2, "top_p": null, "top_k": null, "max_tokens": 256, "seed": 42}, "prompt_tokens": 171, "completion_tokens": 7, "total_tokens": 178, "token_count_source": "tokenizer", "diffusion_steps": null, "flops_estimate": null, "flops_arch": null, "flops_model_params": null, "flops_active_params": null, "tokens_non_final": 3, "tokens_reasoning": 0, "tokens_response": 3, "elapsed_seconds": 0.24072623252868652, "judgement": "Good approximation"}
{"id": "tips_000927", "topic": "tips", "subtopic": "tips_service", "prompt": "Bill is $78.22; service fee 5% and tip 15%. About how much do you pay in total?", "exact_value": 94.45, "model": "qwen/qwen2.5-3b-instruct", "provider": "transformers", "response": "Final answer: 13", "numeric_answer": 13.0, "relative_error": 0.8623610375860243, "thinking_text": null, "has_tool_call": false, "tool_call": null, "usage": {"prompt_tokens": 171, "completion_tokens": 7, "total_tokens": 178, "token_count_source": "tokenizer"}, "decoding": {"temperature": 0.2, "top_p": null, "top_k": null, "max_tokens": 256, "seed": 42}, "prompt_tokens": 171, "completion_tokens": 7, "total_tokens": 178, "token_count_source": "tokenizer", "diffusion_steps": null, "flops_estimate": null, "flops_arch": null, "flops_model_params": null, "flops_active_params": null, "tokens_non_final": 3, "tokens_reasoning": 0, "tokens_response": 3, "elapsed_seconds": 0.24212336540222168, "judgement": "Way off"}
{"id": "tips_000947", "topic": "tips", "subtopic": "tips_service", "prompt": "Bill is $97.36; service fee 3% and tip 15%. About how much do you pay in total?", "exact_value": 115.32, "model": "qwen/qwen2.5-3b-instruct", "provider": "transformers", "response": "Final answer: 22", "numeric_answer": 22.0, "relative_error": 0.8092265001734305, "thinking_text": null, "has_tool_call": false, "tool_call": null, "usage": {"prompt_tokens": 171, "completion_tokens": 7, "total_tokens": 178, "token_count_source": "tokenizer"}, "decoding": {"temperature": 0.2, "top_p": null, "top_k": null, "max_tokens": 256, "seed": 42}, "prompt_tokens": 171, "completion_tokens": 7, "total_tokens": 178, "token_count_source": "tokenizer", "diffusion_steps": null, "flops_estimate": null, "flops_arch": null, "flops_model_params": null, "flops_active_params": null, "tokens_non_final": 3, "tokens_reasoning": 0, "tokens_response": 3, "elapsed_seconds": 0.22940540313720703, "judgement": "Way off"}
{"id": "tips_000967", "topic": "tips", "subtopic": "tips_service", "prompt": "Bill is $13.97; service fee 3% and tip 15%. About how much do you pay in total?", "exact_value": 16.55, "model": "qwen/qwen2.5-3b-instruct", "provider": "transformers", "response": "Final answer: 24", "numeric_answer": 24.0, "relative_error": 0.4501510574018126, "thinking_text": null, "has_tool_call": false, "tool_call": null, "usage": {"prompt_tokens": 171, "completion_tokens": 7, "total_tokens": 178, "token_count_source": "tokenizer"}, "decoding": {"temperature": 0.2, "top_p": null, "top_k": null, "max_tokens": 256, "seed": 42}, "prompt_tokens": 171, "completion_tokens": 7, "total_tokens": 178, "token_count_source": "tokenizer", "diffusion_steps": null, "flops_estimate": null, "flops_arch": null, "flops_model_params": null, "flops_active_params": null, "tokens_non_final": 3, "tokens_reasoning": 0, "tokens_response": 3, "elapsed_seconds": 0.23973393440246582, "judgement": "Mildly off"}
{"id": "tips_000987", "topic": "tips", "subtopic": "tips_service", "prompt": "Bill is $60.94; service fee 5% and tip 18%. About how much do you pay in total?", "exact_value": 75.5, "model": "qwen/qwen2.5-3b-instruct", "provider": "transformers", "response": "Final answer: 75", "numeric_answer": 75.0, "relative_error": 0.006622516556291391, "thinking_text": null, "has_tool_call": false, "tool_call": null, "usage": {"prompt_tokens": 171, "completion_tokens": 7, "total_tokens": 178, "token_count_source": "tokenizer"}, "decoding": {"temperature": 0.2, "top_p": null, "top_k": null, "max_tokens": 256, "seed": 42}, "prompt_tokens": 171, "completion_tokens": 7, "total_tokens": 178, "token_count_source": "tokenizer", "diffusion_steps": null, "flops_estimate": null, "flops_arch": null, "flops_model_params": null, "flops_active_params": null, "tokens_non_final": 3, "tokens_reasoning": 0, "tokens_response": 3, "elapsed_seconds": 0.24214863777160645, "judgement": "Good approximation"}
{"id": "tips_001007", "topic": "tips", "subtopic": "tips_service", "prompt": "Bill is $101.70; service fee 3% and tip 18%. About how much do you pay in total?", "exact_value": 123.61, "model": "qwen/qwen2.5-3b-instruct", "provider": "transformers", "response": "Final answer: 29", "numeric_answer": 29.0, "relative_error": 0.7653911495833671, "thinking_text": null, "has_tool_call": false, "tool_call": null, "usage": {"prompt_tokens": 172, "completion_tokens": 7, "total_tokens": 179, "token_count_source": "tokenizer"}, "decoding": {"temperature": 0.2, "top_p": null, "top_k": null, "max_tokens": 256, "seed": 42}, "prompt_tokens": 172, "completion_tokens": 7, "total_tokens": 179, "token_count_source": "tokenizer", "diffusion_steps": null, "flops_estimate": null, "flops_arch": null, "flops_model_params": null, "flops_active_params": null, "tokens_non_final": 3, "tokens_reasoning": 0, "tokens_response": 3, "elapsed_seconds": 0.24930620193481445, "judgement": "Way off"}
{"id": "tips_001027", "topic": "tips", "subtopic": "tips_service", "prompt": "Bill is $71.23; service fee 0% and tip 20%. About how much do you pay in total?", "exact_value": 85.48, "model": "qwen/qwen2.5-3b-instruct", "provider": "transformers", "response": "Final answer: 8", "numeric_answer": 8.0, "relative_error": 0.9064108563406645, "thinking_text": null, "has_tool_call": false, "tool_call": null, "usage": {"prompt_tokens": 171, "completion_tokens": 6, "total_tokens": 177, "token_count_source": "tokenizer"}, "decoding": {"temperature": 0.2, "top_p": null, "top_k": null, "max_tokens": 256, "seed": 42}, "prompt_tokens": 171, "completion_tokens": 6, "total_tokens": 177, "token_count_source": "tokenizer", "diffusion_steps": null, "flops_estimate": null, "flops_arch": null, "flops_model_params": null, "flops_active_params": null, "tokens_non_final": 3, "tokens_reasoning": 0, "tokens_response": 3, "elapsed_seconds": 0.19573354721069336, "judgement": "Way off"}
{"id": "tips_001047", "topic": "tips", "subtopic": "tips_service", "prompt": "Bill is $56.40; service fee 5% and tip 15%. About how much do you pay in total?", "exact_value": 68.1, "model": "qwen/qwen2.5-3b-instruct", "provider": "transformers", "response": "Final answer: 8", "numeric_answer": 8.0, "relative_error": 0.882525697503671, "thinking_text": null, "has_tool_call": false, "tool_call": null, "usage": {"prompt_tokens": 171, "completion_tokens": 6, "total_tokens": 177, "token_count_source": "tokenizer"}, "decoding": {"temperature": 0.2, "top_p": null, "top_k": null, "max_tokens": 256, "seed": 42}, "prompt_tokens": 171, "completion_tokens": 6, "total_tokens": 177, "token_count_source": "tokenizer", "diffusion_steps": null, "flops_estimate": null, "flops_arch": null, "flops_model_params": null, "flops_active_params": null, "tokens_non_final": 3, "tokens_reasoning": 0, "tokens_response": 3, "elapsed_seconds": 0.20730900764465332, "judgement": "Way off"}
{"id": "tips_001067", "topic": "tips", "subtopic": "tips_service", "prompt": "Bill is $110.45; service fee 5% and tip 20%. About how much do you pay in total?", "exact_value": 139.17, "model": "qwen/qwen2.5-3b-instruct", "provider": "transformers", "response": "Final answer: 140", "numeric_answer": 140.0, "relative_error": 0.005963929007688529, "thinking_text": null, "has_tool_call": false, "tool_call": null, "usage": {"prompt_tokens": 172, "completion_tokens": 8, "total_tokens": 180, "token_count_source": "tokenizer"}, "decoding": {"temperature": 0.2, "top_p": null, "top_k": null, "max_tokens": 256, "seed": 42}, "prompt_tokens": 172, "completion_tokens": 8, "total_tokens": 180, "token_count_source": "tokenizer", "diffusion_steps": null, "flops_estimate": null, "flops_arch": null, "flops_model_params": null, "flops_active_params": null, "tokens_non_final": 3, "tokens_reasoning": 0, "tokens_response": 3, "elapsed_seconds": 0.28529787063598633, "judgement": "Good approximation"}
{"id": "tips_001087", "topic": "tips", "subtopic": "tips_service", "prompt": "Bill is $32.83; service fee 0% and tip 15%. About how much do you pay in total?", "exact_value": 37.75, "model": "qwen/qwen2.5-3b-instruct", "provider": "transformers", "response": "Final answer: 34", "numeric_answer": 34.0, "relative_error": 0.09933774834437085, "thinking_text": null, "has_tool_call": false, "tool_call": null, "usage": {"prompt_tokens": 171, "completion_tokens": 7, "total_tokens": 178, "token_count_source": "tokenizer"}, "decoding": {"temperature": 0.2, "top_p": null, "top_k": null, "max_tokens": 256, "seed": 42}, "prompt_tokens": 171, "completion_tokens": 7, "total_tokens": 178, "token_count_source": "tokenizer", "diffusion_steps": null, "flops_estimate": null, "flops_arch": null, "flops_model_params": null, "flops_active_params": null, "tokens_non_final": 3, "tokens_reasoning": 0, "tokens_response": 3, "elapsed_seconds": 0.2458477020263672, "judgement": "Good approximation"}
{"id": "tips_001107", "topic": "tips", "subtopic": "tips_service", "prompt": "Bill is $52.28; service fee 3% and tip 15%. About how much do you pay in total?", "exact_value": 61.93, "model": "qwen/qwen2.5-3b-instruct", "provider": "transformers", "response": "Final answer: 6", "numeric_answer": 6.0, "relative_error": 0.9031164217665105, "thinking_text": null, "has_tool_call": false, "tool_call": null, "usage": {"prompt_tokens": 171, "completion_tokens": 6, "total_tokens": 177, "token_count_source": "tokenizer"}, "decoding": {"temperature": 0.2, "top_p": null, "top_k": null, "max_tokens": 256, "seed": 42}, "prompt_tokens": 171, "completion_tokens": 6, "total_tokens": 177, "token_count_source": "tokenizer", "diffusion_steps": null, "flops_estimate": null, "flops_arch": null, "flops_model_params": null, "flops_active_params": null, "tokens_non_final": 3, "tokens_reasoning": 0, "tokens_response": 3, "elapsed_seconds": 0.20891427993774414, "judgement": "Way off"}
{"id": "tips_001127", "topic": "tips", "subtopic": "tips_service", "prompt": "Bill is $24.64; service fee 0% and tip 20%. About how much do you pay in total?", "exact_value": 29.57, "model": "qwen/qwen2.5-3b-instruct", "provider": "transformers", "response": "Final answer: 25", "numeric_answer": 25.0, "relative_error": 0.15454852891444032, "thinking_text": null, "has_tool_call": false, "tool_call": null, "usage": {"prompt_tokens": 171, "completion_tokens": 7, "total_tokens": 178, "token_count_source": "tokenizer"}, "decoding": {"temperature": 0.2, "top_p": null, "top_k": null, "max_tokens": 256, "seed": 42}, "prompt_tokens": 171, "completion_tokens": 7, "total_tokens": 178, "token_count_source": "tokenizer", "diffusion_steps": null, "flops_estimate": null, "flops_arch": null, "flops_model_params": null, "flops_active_params": null, "tokens_non_final": 3, "tokens_reasoning": 0, "tokens_response": 3, "elapsed_seconds": 0.23854684829711914, "judgement": "Good approximation"}
{"id": "tips_001147", "topic": "tips", "subtopic": "tips_service", "prompt": "Bill is $56.58; service fee 0% and tip 22%. About how much do you pay in total?", "exact_value": 69.03, "model": "qwen/qwen2.5-3b-instruct", "provider": "transformers", "response": "Final answer: 9", "numeric_answer": 9.0, "relative_error": 0.8696219035202086, "thinking_text": null, "has_tool_call": false, "tool_call": null, "usage": {"prompt_tokens": 171, "completion_tokens": 6, "total_tokens": 177, "token_count_source": "tokenizer"}, "decoding": {"temperature": 0.2, "top_p": null, "top_k": null, "max_tokens": 256, "seed": 42}, "prompt_tokens": 171, "completion_tokens": 6, "total_tokens": 177, "token_count_source": "tokenizer", "diffusion_steps": null, "flops_estimate": null, "flops_arch": null, "flops_model_params": null, "flops_active_params": null, "tokens_non_final": 3, "tokens_reasoning": 0, "tokens_response": 3, "elapsed_seconds": 0.2044076919555664, "judgement": "Way off"}
{"id": "tips_001167", "topic": "tips", "subtopic": "tips_service", "prompt": "Bill is $37.99; service fee 5% and tip 18%. About how much do you pay in total?", "exact_value": 47.07, "model": "qwen/qwen2.5-3b-instruct", "provider": "transformers", "response": "Final answer: 65", "numeric_answer": 65.0, "relative_error": 0.3809220310176333, "thinking_text": null, "has_tool_call": false, "tool_call": null, "usage": {"prompt_tokens": 171, "completion_tokens": 7, "total_tokens": 178, "token_count_source": "tokenizer"}, "decoding": {"temperature": 0.2, "top_p": null, "top_k": null, "max_tokens": 256, "seed": 42}, "prompt_tokens": 171, "completion_tokens": 7, "total_tokens": 178, "token_count_source": "tokenizer", "diffusion_steps": null, "flops_estimate": null, "flops_arch": null, "flops_model_params": null, "flops_active_params": null, "tokens_non_final": 3, "tokens_reasoning": 0, "tokens_response": 3, "elapsed_seconds": 0.2361745834350586, "judgement": "Mildly off"}
{"id": "tips_001187", "topic": "tips", "subtopic": "tips_service", "prompt": "Bill is $68.55; service fee 0% and tip 22%. About how much do you pay in total?", "exact_value": 83.63, "model": "qwen/qwen2.5-3b-instruct", "provider": "transformers", "response": "Final answer: 8", "numeric_answer": 8.0, "relative_error": 0.9043405476503646, "thinking_text": null, "has_tool_call": false, "tool_call": null, "usage": {"prompt_tokens": 171, "completion_tokens": 6, "total_tokens": 177, "token_count_source": "tokenizer"}, "decoding": {"temperature": 0.2, "top_p": null, "top_k": null, "max_tokens": 256, "seed": 42}, "prompt_tokens": 171, "completion_tokens": 6, "total_tokens": 177, "token_count_source": "tokenizer", "diffusion_steps": null, "flops_estimate": null, "flops_arch": null, "flops_model_params": null, "flops_active_params": null, "tokens_non_final": 3, "tokens_reasoning": 0, "tokens_response": 3, "elapsed_seconds": 0.20977377891540527, "judgement": "Way off"}
{"id": "tips_001207", "topic": "tips", "subtopic": "tips_service", "prompt": "Bill is $73.94; service fee 5% and tip 20%. About how much do you pay in total?", "exact_value": 93.16, "model": "qwen/qwen2.5-3b-instruct", "provider": "transformers", "response": "Final answer: 86", "numeric_answer": 86.0, "relative_error": 0.07685702018033487, "thinking_text": null, "has_tool_call": false, "tool_call": null, "usage": {"prompt_tokens": 171, "completion_tokens": 7, "total_tokens": 178, "token_count_source": "tokenizer"}, "decoding": {"temperature": 0.2, "top_p": null, "top_k": null, "max_tokens": 256, "seed": 42}, "prompt_tokens": 171, "completion_tokens": 7, "total_tokens": 178, "token_count_source": "tokenizer", "diffusion_steps": null, "flops_estimate": null, "flops_arch": null, "flops_model_params": null, "flops_active_params": null, "tokens_non_final": 3, "tokens_reasoning": 0, "tokens_response": 3, "elapsed_seconds": 0.2431621551513672, "judgement": "Good approximation"}
{"id": "tips_001227", "topic": "tips", "subtopic": "tips_service", "prompt": "Bill is $89.16; service fee 0% and tip 20%. About how much do you pay in total?", "exact_value": 106.99, "model": "qwen/qwen2.5-3b-instruct", "provider": "transformers", "response": "Final answer: 100", "numeric_answer": 100.0, "relative_error": 0.06533320871109445, "thinking_text": null, "has_tool_call": false, "tool_call": null, "usage": {"prompt_tokens": 171, "completion_tokens": 8, "total_tokens": 179, "token_count_source": "tokenizer"}, "decoding": {"temperature": 0.2, "top_p": null, "top_k": null, "max_tokens": 256, "seed": 42}, "prompt_tokens": 171, "completion_tokens": 8, "total_tokens": 179, "token_count_source": "tokenizer", "diffusion_steps": null, "flops_estimate": null, "flops_arch": null, "flops_model_params": null, "flops_active_params": null, "tokens_non_final": 3, "tokens_reasoning": 0, "tokens_response": 3, "elapsed_seconds": 0.2660868167877197, "judgement": "Good approximation"}
{"id": "tips_001247", "topic": "tips", "subtopic": "tips_service", "prompt": "Bill is $77.57; service fee 0% and tip 22%. About how much do you pay in total?", "exact_value": 94.64, "model": "qwen/qwen2.5-3b-instruct", "provider": "transformers", "response": "Final answer: 85", "numeric_answer": 85.0, "relative_error": 0.10185967878275572, "thinking_text": null, "has_tool_call": false, "tool_call": null, "usage": {"prompt_tokens": 171, "completion_tokens": 7, "total_tokens": 178, "token_count_source": "tokenizer"}, "decoding": {"temperature": 0.2, "top_p": null, "top_k": null, "max_tokens": 256, "seed": 42}, "prompt_tokens": 171, "completion_tokens": 7, "total_tokens": 178, "token_count_source": "tokenizer", "diffusion_steps": null, "flops_estimate": null, "flops_arch": null, "flops_model_params": null, "flops_active_params": null, "tokens_non_final": 3, "tokens_reasoning": 0, "tokens_response": 3, "elapsed_seconds": 0.24604582786560059, "judgement": "Good approximation"}
{"id": "tips_001267", "topic": "tips", "subtopic": "tips_service", "prompt": "Bill is $17.65; service fee 0% and tip 15%. About how much do you pay in total?", "exact_value": 20.3, "model": "qwen/qwen2.5-3b-instruct", "provider": "transformers", "response": "Final answer: 24", "numeric_answer": 24.0, "relative_error": 0.18226600985221672, "thinking_text": null, "has_tool_call": false, "tool_call": null, "usage": {"prompt_tokens": 171, "completion_tokens": 7, "total_tokens": 178, "token_count_source": "tokenizer"}, "decoding": {"temperature": 0.2, "top_p": null, "top_k": null, "max_tokens": 256, "seed": 42}, "prompt_tokens": 171, "completion_tokens": 7, "total_tokens": 178, "token_count_source": "tokenizer", "diffusion_steps": null, "flops_estimate": null, "flops_arch": null, "flops_model_params": null, "flops_active_params": null, "tokens_non_final": 3, "tokens_reasoning": 0, "tokens_response": 3, "elapsed_seconds": 0.24097061157226562, "judgement": "Good approximation"}
{"id": "tips_001287", "topic": "tips", "subtopic": "tips_service", "prompt": "Bill is $107.76; service fee 5% and tip 15%. About how much do you pay in total?", "exact_value": 130.12, "model": "qwen/qwen2.5-3b-instruct", "provider": "transformers", "response": "Final answer: 135", "numeric_answer": 135.0, "relative_error": 0.037503842606824433, "thinking_text": null, "has_tool_call": false, "tool_call": null, "usage": {"prompt_tokens": 172, "completion_tokens": 8, "total_tokens": 180, "token_count_source": "tokenizer"}, "decoding": {"temperature": 0.2, "top_p": null, "top_k": null, "max_tokens": 256, "seed": 42}, "prompt_tokens": 172, "completion_tokens": 8, "total_tokens": 180, "token_count_source": "tokenizer", "diffusion_steps": null, "flops_estimate": null, "flops_arch": null, "flops_model_params": null, "flops_active_params": null, "tokens_non_final": 3, "tokens_reasoning": 0, "tokens_response": 3, "elapsed_seconds": 0.2804372310638428, "judgement": "Good approximation"}
{"id": "tips_001307", "topic": "tips", "subtopic": "tips_service", "prompt": "Bill is $49.18; service fee 0% and tip 20%. About how much do you pay in total?", "exact_value": 59.02, "model": "qwen/qwen2.5-3b-instruct", "provider": "transformers", "response": "Final answer: 50", "numeric_answer": 50.0, "relative_error": 0.15282954930532028, "thinking_text": null, "has_tool_call": false, "tool_call": null, "usage": {"prompt_tokens": 171, "completion_tokens": 7, "total_tokens": 178, "token_count_source": "tokenizer"}, "decoding": {"temperature": 0.2, "top_p": null, "top_k": null, "max_tokens": 256, "seed": 42}, "prompt_tokens": 171, "completion_tokens": 7, "total_tokens": 178, "token_count_source": "tokenizer", "diffusion_steps": null, "flops_estimate": null, "flops_arch": null, "flops_model_params": null, "flops_active_params": null, "tokens_non_final": 3, "tokens_reasoning": 0, "tokens_response": 3, "elapsed_seconds": 0.2543046474456787, "judgement": "Good approximation"}
{"id": "tips_001327", "topic": "tips", "subtopic": "tips_service", "prompt": "Bill is $43.49; service fee 5% and tip 18%. About how much do you pay in total?", "exact_value": 53.88, "model": "qwen/qwen2.5-3b-instruct", "provider": "transformers", "response": "Final answer: 6", "numeric_answer": 6.0, "relative_error": 0.888641425389755, "thinking_text": null, "has_tool_call": false, "tool_call": null, "usage": {"prompt_tokens": 171, "completion_tokens": 6, "total_tokens": 177, "token_count_source": "tokenizer"}, "decoding": {"temperature": 0.2, "top_p": null, "top_k": null, "max_tokens": 256, "seed": 42}, "prompt_tokens": 171, "completion_tokens": 6, "total_tokens": 177, "token_count_source": "tokenizer", "diffusion_steps": null, "flops_estimate": null, "flops_arch": null, "flops_model_params": null, "flops_active_params": null, "tokens_non_final": 3, "tokens_reasoning": 0, "tokens_response": 3, "elapsed_seconds": 0.20159363746643066, "judgement": "Way off"}
{"id": "fermi_000103", "topic": "fermi", "subtopic": "crowd_density", "prompt": "A plaza is about 70 m by 20 m, with roughly 4 people per square meter. About how many people are there?", "exact_value": 5600, "model": "qwen/qwen2.5-3b-instruct", "provider": "transformers", "response": "Final answer: 560", "numeric_answer": 560.0, "relative_error": 0.9, "thinking_text": null, "has_tool_call": false, "tool_call": null, "usage": {"prompt_tokens": 172, "completion_tokens": 8, "total_tokens": 180, "token_count_source": "tokenizer"}, "decoding": {"temperature": 0.2, "top_p": null, "top_k": null, "max_tokens": 256, "seed": 42}, "prompt_tokens": 172, "completion_tokens": 8, "total_tokens": 180, "token_count_source": "tokenizer", "diffusion_steps": null, "flops_estimate": null, "flops_arch": null, "flops_model_params": null, "flops_active_params": null, "tokens_non_final": 3, "tokens_reasoning": 0, "tokens_response": 3, "elapsed_seconds": 0.2855973243713379, "judgement": "Way off"}
{"id": "fermi_000123", "topic": "fermi", "subtopic": "crowd_density", "prompt": "A plaza is about 70 m by 35 m, with roughly 4 people per square meter. About how many people are there?", "exact_value": 9800, "model": "qwen/qwen2.5-3b-instruct", "provider": "transformers", "response": "Final answer: 28", "numeric_answer": 28.0, "relative_error": 0.9971428571428571, "thinking_text": null, "has_tool_call": false, "tool_call": null, "usage": {"prompt_tokens": 172, "completion_tokens": 7, "total_tokens": 179, "token_count_source": "tokenizer"}, "decoding": {"temperature": 0.2, "top_p": null, "top_k": null, "max_tokens": 256, "seed": 42}, "prompt_tokens": 172, "completion_tokens": 7, "total_tokens": 179, "token_count_source": "tokenizer", "diffusion_steps": null, "flops_estimate": null, "flops_arch": null, "flops_model_params": null, "flops_active_params": null, "tokens_non_final": 3, "tokens_reasoning": 0, "tokens_response": 3, "elapsed_seconds": 0.24277234077453613, "judgement": "Way off"}
{"id": "fermi_000143", "topic": "fermi", "subtopic": "crowd_density", "prompt": "A plaza is about 30 m by 20 m, with roughly 1 people per square meter. About how many people are there?", "exact_value": 600, "model": "qwen/qwen2.5-3b-instruct", "provider": "transformers", "response": "Final answer: 600", "numeric_answer": 600.0, "relative_error": 0.0, "thinking_text": null, "has_tool_call": false, "tool_call": null, "usage": {"prompt_tokens": 172, "completion_tokens": 8, "total_tokens": 180, "token_count_source": "tokenizer"}, "decoding": {"temperature": 0.2, "top_p": null, "top_k": null, "max_tokens": 256, "seed": 42}, "prompt_tokens": 172, "completion_tokens": 8, "total_tokens": 180, "token_count_source": "tokenizer", "diffusion_steps": null, "flops_estimate": null, "flops_arch": null, "flops_model_params": null, "flops_active_params": null, "tokens_non_final": 3, "tokens_reasoning": 0, "tokens_response": 3, "elapsed_seconds": 0.2754952907562256, "judgement": "Exact math"}
{"id": "fermi_000163", "topic": "fermi", "subtopic": "crowd_density", "prompt": "A plaza is about 70 m by 35 m, with roughly 3 people per square meter. About how many people are there?", "exact_value": 7350, "model": "qwen/qwen2.5-3b-instruct", "provider": "transformers", "response": "Final answer: 2107", "numeric_answer": 2107.0, "relative_error": 0.7133333333333334, "thinking_text": null, "has_tool_call": false, "tool_call": null, "usage": {"prompt_tokens": 172, "completion_tokens": 9, "total_tokens": 181, "token_count_source": "tokenizer"}, "decoding": {"temperature": 0.2, "top_p": null, "top_k": null, "max_tokens": 256, "seed": 42}, "prompt_tokens": 172, "completion_tokens": 9, "total_tokens": 181, "token_count_source": "tokenizer", "diffusion_steps": null, "flops_estimate": null, "flops_arch": null, "flops_model_params": null, "flops_active_params": null, "tokens_non_final": 3, "tokens_reasoning": 0, "tokens_response": 3, "elapsed_seconds": 0.31539344787597656, "judgement": "Way off"}
{"id": "fermi_000183", "topic": "fermi", "subtopic": "crowd_density", "prompt": "A plaza is about 40 m by 35 m, with roughly 3 people per square meter. About how many people are there?", "exact_value": 4200, "model": "qwen/qwen2.5-3b-instruct", "provider": "transformers", "response": "Final answer: 400", "numeric_answer": 400.0, "relative_error": 0.9047619047619048, "thinking_text": null, "has_tool_call": false, "tool_call": null, "usage": {"prompt_tokens": 172, "completion_tokens": 8, "total_tokens": 180, "token_count_source": "tokenizer"}, "decoding": {"temperature": 0.2, "top_p": null, "top_k": null, "max_tokens": 256, "seed": 42}, "prompt_tokens": 172, "completion_tokens": 8, "total_tokens": 180, "token_count_source": "tokenizer", "diffusion_steps": null, "flops_estimate": null, "flops_arch": null, "flops_model_params": null, "flops_active_params": null, "tokens_non_final": 3, "tokens_reasoning": 0, "tokens_response": 3, "elapsed_seconds": 0.282778263092041, "judgement": "Way off"}
{"id": "fermi_000203", "topic": "fermi", "subtopic": "crowd_density", "prompt": "A plaza is about 50 m by 20 m, with roughly 4 people per square meter. About how many people are there?", "exact_value": 4000, "model": "qwen/qwen2.5-3b-instruct", "provider": "transformers", "response": "Final answer: 200", "numeric_answer": 200.0, "relative_error": 0.95, "thinking_text": null, "has_tool_call": false, "tool_call": null, "usage": {"prompt_tokens": 172, "completion_tokens": 8, "total_tokens": 180, "token_count_source": "tokenizer"}, "decoding": {"temperature": 0.2, "top_p": null, "top_k": null, "max_tokens": 256, "seed": 42}, "prompt_tokens": 172, "completion_tokens": 8, "total_tokens": 180, "token_count_source": "tokenizer", "diffusion_steps": null, "flops_estimate": null, "flops_arch": null, "flops_model_params": null, "flops_active_params": null, "tokens_non_final": 3, "tokens_reasoning": 0, "tokens_response": 3, "elapsed_seconds": 0.2684907913208008, "judgement": "Way off"}
{"id": "fermi_000223", "topic": "fermi", "subtopic": "crowd_density", "prompt": "A plaza is about 40 m by 20 m, with roughly 1 people per square meter. About how many people are there?", "exact_value": 800, "model": "qwen/qwen2.5-3b-instruct", "provider": "transformers", "response": "Final answer: 800", "numeric_answer": 800.0, "relative_error": 0.0, "thinking_text": null, "has_tool_call": false, "tool_call": null, "usage": {"prompt_tokens": 172, "completion_tokens": 8, "total_tokens": 180, "token_count_source": "tokenizer"}, "decoding": {"temperature": 0.2, "top_p": null, "top_k": null, "max_tokens": 256, "seed": 42}, "prompt_tokens": 172, "completion_tokens": 8, "total_tokens": 180, "token_count_source": "tokenizer", "diffusion_steps": null, "flops_estimate": null, "flops_arch": null, "flops_model_params": null, "flops_active_params": null, "tokens_non_final": 3, "tokens_reasoning": 0, "tokens_response": 3, "elapsed_seconds": 0.2848994731903076, "judgement": "Exact math"}
{"id": "fermi_000243", "topic": "fermi", "subtopic": "crowd_density", "prompt": "A plaza is about 50 m by 35 m, with roughly 1 people per square meter. About how many people are there?", "exact_value": 1750, "model": "qwen/qwen2.5-3b-instruct", "provider": "transformers", "response": "Final answer: 1657", "numeric_answer": 1657.0, "relative_error": 0.053142857142857144, "thinking_text": null, "has_tool_call": false, "tool_call": null, "usage": {"prompt_tokens": 172, "completion_tokens": 9, "total_tokens": 181, "token_count_source": "tokenizer"}, "decoding": {"temperature": 0.2, "top_p": null, "top_k": null, "max_tokens": 256, "seed": 42}, "prompt_tokens": 172, "completion_tokens": 9, "total_tokens": 181, "token_count_source": "tokenizer", "diffusion_steps": null, "flops_estimate": null, "flops_arch": null, "flops_model_params": null, "flops_active_params": null, "tokens_non_final": 3, "tokens_reasoning": 0, "tokens_response": 3, "elapsed_seconds": 0.30434584617614746, "judgement": "Good approximation"}
{"id": "fermi_000263", "topic": "fermi", "subtopic": "crowd_density", "prompt": "A plaza is about 40 m by 30 m, with roughly 1 people per square meter. About how many people are there?", "exact_value": 1200, "model": "qwen/qwen2.5-3b-instruct", "provider": "transformers", "response": "Final answer: 1200", "numeric_answer": 1200.0, "relative_error": 0.0, "thinking_text": null, "has_tool_call": false, "tool_call": null, "usage": {"prompt_tokens": 172, "completion_tokens": 9, "total_tokens": 181, "token_count_source": "tokenizer"}, "decoding": {"temperature": 0.2, "top_p": null, "top_k": null, "max_tokens": 256, "seed": 42}, "prompt_tokens": 172, "completion_tokens": 9, "total_tokens": 181, "token_count_source": "tokenizer", "diffusion_steps": null, "flops_estimate": null, "flops_arch": null, "flops_model_params": null, "flops_active_params": null, "tokens_non_final": 3, "tokens_reasoning": 0, "tokens_response": 3, "elapsed_seconds": 0.3238959312438965, "judgement": "Exact math"}
{"id": "fermi_000283", "topic": "fermi", "subtopic": "crowd_density", "prompt": "A plaza is about 40 m by 20 m, with roughly 1 people per square meter. About how many people are there?", "exact_value": 800, "model": "qwen/qwen2.5-3b-instruct", "provider": "transformers", "response": "Final answer: 800", "numeric_answer": 800.0, "relative_error": 0.0, "thinking_text": null, "has_tool_call": false, "tool_call": null, "usage": {"prompt_tokens": 172, "completion_tokens": 8, "total_tokens": 180, "token_count_source": "tokenizer"}, "decoding": {"temperature": 0.2, "top_p": null, "top_k": null, "max_tokens": 256, "seed": 42}, "prompt_tokens": 172, "completion_tokens": 8, "total_tokens": 180, "token_count_source": "tokenizer", "diffusion_steps": null, "flops_estimate": null, "flops_arch": null, "flops_model_params": null, "flops_active_params": null, "tokens_non_final": 3, "tokens_reasoning": 0, "tokens_response": 3, "elapsed_seconds": 0.26972103118896484, "judgement": "Exact math"}
{"id": "fermi_000303", "topic": "fermi", "subtopic": "crowd_density", "prompt": "A plaza is about 70 m by 25 m, with roughly 3 people per square meter. About how many people are there?", "exact_value": 5250, "model": "qwen/qwen2.5-3b-instruct", "provider": "transformers", "response": "Final answer: 475", "numeric_answer": 475.0, "relative_error": 0.9095238095238095, "thinking_text": null, "has_tool_call": false, "tool_call": null, "usage": {"prompt_tokens": 172, "completion_tokens": 8, "total_tokens": 180, "token_count_source": "tokenizer"}, "decoding": {"temperature": 0.2, "top_p": null, "top_k": null, "max_tokens": 256, "seed": 42}, "prompt_tokens": 172, "completion_tokens": 8, "total_tokens": 180, "token_count_source": "tokenizer", "diffusion_steps": null, "flops_estimate": null, "flops_arch": null, "flops_model_params": null, "flops_active_params": null, "tokens_non_final": 3, "tokens_reasoning": 0, "tokens_response": 3, "elapsed_seconds": 0.28054070472717285, "judgement": "Way off"}
{"id": "fermi_000323", "topic": "fermi", "subtopic": "crowd_density", "prompt": "A plaza is about 70 m by 20 m, with roughly 3 people per square meter. About how many people are there?", "exact_value": 4200, "model": "qwen/qwen2.5-3b-instruct", "provider": "transformers", "response": "Final answer: 420", "numeric_answer": 420.0, "relative_error": 0.9, "thinking_text": null, "has_tool_call": false, "tool_call": null, "usage": {"prompt_tokens": 172, "completion_tokens": 8, "total_tokens": 180, "token_count_source": "tokenizer"}, "decoding": {"temperature": 0.2, "top_p": null, "top_k": null, "max_tokens": 256, "seed": 42}, "prompt_tokens": 172, "completion_tokens": 8, "total_tokens": 180, "token_count_source": "tokenizer", "diffusion_steps": null, "flops_estimate": null, "flops_arch": null, "flops_model_params": null, "flops_active_params": null, "tokens_non_final": 3, "tokens_reasoning": 0, "tokens_response": 3, "elapsed_seconds": 0.27244043350219727, "judgement": "Way off"}
{"id": "fermi_000343", "topic": "fermi", "subtopic": "crowd_density", "prompt": "A plaza is about 60 m by 30 m, with roughly 4 people per square meter. About how many people are there?", "exact_value": 7200, "model": "qwen/qwen2.5-3b-instruct", "provider": "transformers", "response": "Final answer: 720", "numeric_answer": 720.0, "relative_error": 0.9, "thinking_text": null, "has_tool_call": false, "tool_call": null, "usage": {"prompt_tokens": 172, "completion_tokens": 8, "total_tokens": 180, "token_count_source": "tokenizer"}, "decoding": {"temperature": 0.2, "top_p": null, "top_k": null, "max_tokens": 256, "seed": 42}, "prompt_tokens": 172, "completion_tokens": 8, "total_tokens": 180, "token_count_source": "tokenizer", "diffusion_steps": null, "flops_estimate": null, "flops_arch": null, "flops_model_params": null, "flops_active_params": null, "tokens_non_final": 3, "tokens_reasoning": 0, "tokens_response": 3, "elapsed_seconds": 0.2763054370880127, "judgement": "Way off"}
{"id": "fermi_000363", "topic": "fermi", "subtopic": "crowd_density", "prompt": "A plaza is about 70 m by 20 m, with roughly 1 people per square meter. About how many people are there?", "exact_value": 1400, "model": "qwen/qwen2.5-3b-instruct", "provider": "transformers", "response": "Final answer: 1400", "numeric_answer": 1400.0, "relative_error": 0.0, "thinking_text": null, "has_tool_call": false, "tool_call": null, "usage": {"prompt_tokens": 172, "completion_tokens": 9, "total_tokens": 181, "token_count_source": "tokenizer"}, "decoding": {"temperature": 0.2, "top_p": null, "top_k": null, "max_tokens": 256, "seed": 42}, "prompt_tokens": 172, "completion_tokens": 9, "total_tokens": 181, "token_count_source": "tokenizer", "diffusion_steps": null, "flops_estimate": null, "flops_arch": null, "flops_model_params": null, "flops_active_params": null, "tokens_non_final": 3, "tokens_reasoning": 0, "tokens_response": 3, "elapsed_seconds": 0.31418728828430176, "judgement": "Exact math"}
{"id": "fermi_000383", "topic": "fermi", "subtopic": "crowd_density", "prompt": "A plaza is about 30 m by 30 m, with roughly 1 people per square meter. About how many people are there?", "exact_value": 900, "model": "qwen/qwen2.5-3b-instruct", "provider": "transformers", "response": "Final answer: 90", "numeric_answer": 90.0, "relative_error": 0.9, "thinking_text": null, "has_tool_call": false, "tool_call": null, "usage": {"prompt_tokens": 172, "completion_tokens": 7, "total_tokens": 179, "token_count_source": "tokenizer"}, "decoding": {"temperature": 0.2, "top_p": null, "top_k": null, "max_tokens": 256, "seed": 42}, "prompt_tokens": 172, "completion_tokens": 7, "total_tokens": 179, "token_count_source": "tokenizer", "diffusion_steps": null, "flops_estimate": null, "flops_arch": null, "flops_model_params": null, "flops_active_params": null, "tokens_non_final": 3, "tokens_reasoning": 0, "tokens_response": 3, "elapsed_seconds": 0.2460019588470459, "judgement": "Way off"}
{"id": "fermi_000403", "topic": "fermi", "subtopic": "crowd_density", "prompt": "A plaza is about 40 m by 30 m, with roughly 2 people per square meter. About how many people are there?", "exact_value": 2400, "model": "qwen/qwen2.5-3b-instruct", "provider": "transformers", "response": "Final answer: 2400", "numeric_answer": 2400.0, "relative_error": 0.0, "thinking_text": null, "has_tool_call": false, "tool_call": null, "usage": {"prompt_tokens": 172, "completion_tokens": 9, "total_tokens": 181, "token_count_source": "tokenizer"}, "decoding": {"temperature": 0.2, "top_p": null, "top_k": null, "max_tokens": 256, "seed": 42}, "prompt_tokens": 172, "completion_tokens": 9, "total_tokens": 181, "token_count_source": "tokenizer", "diffusion_steps": null, "flops_estimate": null, "flops_arch": null, "flops_model_params": null, "flops_active_params": null, "tokens_non_final": 3, "tokens_reasoning": 0, "tokens_response": 3, "elapsed_seconds": 0.3211696147918701, "judgement": "Exact math"}
{"id": "fermi_000423", "topic": "fermi", "subtopic": "crowd_density", "prompt": "A plaza is about 70 m by 20 m, with roughly 1 people per square meter. About how many people are there?", "exact_value": 1400, "model": "qwen/qwen2.5-3b-instruct", "provider": "transformers", "response": "Final answer: 1400", "numeric_answer": 1400.0, "relative_error": 0.0, "thinking_text": null, "has_tool_call": false, "tool_call": null, "usage": {"prompt_tokens": 172, "completion_tokens": 9, "total_tokens": 181, "token_count_source": "tokenizer"}, "decoding": {"temperature": 0.2, "top_p": null, "top_k": null, "max_tokens": 256, "seed": 42}, "prompt_tokens": 172, "completion_tokens": 9, "total_tokens": 181, "token_count_source": "tokenizer", "diffusion_steps": null, "flops_estimate": null, "flops_arch": null, "flops_model_params": null, "flops_active_params": null, "tokens_non_final": 3, "tokens_reasoning": 0, "tokens_response": 3, "elapsed_seconds": 0.31920671463012695, "judgement": "Exact math"}
{"id": "fermi_000443", "topic": "fermi", "subtopic": "crowd_density", "prompt": "A plaza is about 30 m by 30 m, with roughly 4 people per square meter. About how many people are there?", "exact_value": 3600, "model": "qwen/qwen2.5-3b-instruct", "provider": "transformers", "response": "Final answer: 360", "numeric_answer": 360.0, "relative_error": 0.9, "thinking_text": null, "has_tool_call": false, "tool_call": null, "usage": {"prompt_tokens": 172, "completion_tokens": 8, "total_tokens": 180, "token_count_source": "tokenizer"}, "decoding": {"temperature": 0.2, "top_p": null, "top_k": null, "max_tokens": 256, "seed": 42}, "prompt_tokens": 172, "completion_tokens": 8, "total_tokens": 180, "token_count_source": "tokenizer", "diffusion_steps": null, "flops_estimate": null, "flops_arch": null, "flops_model_params": null, "flops_active_params": null, "tokens_non_final": 3, "tokens_reasoning": 0, "tokens_response": 3, "elapsed_seconds": 0.2833845615386963, "judgement": "Way off"}
{"id": "fermi_000463", "topic": "fermi", "subtopic": "crowd_density", "prompt": "A plaza is about 60 m by 25 m, with roughly 3 people per square meter. About how many people are there?", "exact_value": 4500, "model": "qwen/qwen2.5-3b-instruct", "provider": "transformers", "response": "Final answer: 420", "numeric_answer": 420.0, "relative_error": 0.9066666666666666, "thinking_text": null, "has_tool_call": false, "tool_call": null, "usage": {"prompt_tokens": 172, "completion_tokens": 8, "total_tokens": 180, "token_count_source": "tokenizer"}, "decoding": {"temperature": 0.2, "top_p": null, "top_k": null, "max_tokens": 256, "seed": 42}, "prompt_tokens": 172, "completion_tokens": 8, "total_tokens": 180, "token_count_source": "tokenizer", "diffusion_steps": null, "flops_estimate": null, "flops_arch": null, "flops_model_params": null, "flops_active_params": null, "tokens_non_final": 3, "tokens_reasoning": 0, "tokens_response": 3, "elapsed_seconds": 0.2696976661682129, "judgement": "Way off"}
{"id": "fermi_000483", "topic": "fermi", "subtopic": "crowd_density", "prompt": "A plaza is about 70 m by 30 m, with roughly 2 people per square meter. About how many people are there?", "exact_value": 4200, "model": "qwen/qwen2.5-3b-instruct", "provider": "transformers", "response": "Final answer: 420", "numeric_answer": 420.0, "relative_error": 0.9, "thinking_text": null, "has_tool_call": false, "tool_call": null, "usage": {"prompt_tokens": 172, "completion_tokens": 8, "total_tokens": 180, "token_count_source": "tokenizer"}, "decoding": {"temperature": 0.2, "top_p": null, "top_k": null, "max_tokens": 256, "seed": 42}, "prompt_tokens": 172, "completion_tokens": 8, "total_tokens": 180, "token_count_source": "tokenizer", "diffusion_steps": null, "flops_estimate": null, "flops_arch": null, "flops_model_params": null, "flops_active_params": null, "tokens_non_final": 3, "tokens_reasoning": 0, "tokens_response": 3, "elapsed_seconds": 0.3112020492553711, "judgement": "Way off"}
{"id": "fermi_000503", "topic": "fermi", "subtopic": "crowd_density", "prompt": "A plaza is about 40 m by 25 m, with roughly 4 people per square meter. About how many people are there?", "exact_value": 4000, "model": "qwen/qwen2.5-3b-instruct", "provider": "transformers", "response": "Final answer: 100", "numeric_answer": 100.0, "relative_error": 0.975, "thinking_text": null, "has_tool_call": false, "tool_call": null, "usage": {"prompt_tokens": 172, "completion_tokens": 8, "total_tokens": 180, "token_count_source": "tokenizer"}, "decoding": {"temperature": 0.2, "top_p": null, "top_k": null, "max_tokens": 256, "seed": 42}, "prompt_tokens": 172, "completion_tokens": 8, "total_tokens": 180, "token_count_source": "tokenizer", "diffusion_steps": null, "flops_estimate": null, "flops_arch": null, "flops_model_params": null, "flops_active_params": null, "tokens_non_final": 3, "tokens_reasoning": 0, "tokens_response": 3, "elapsed_seconds": 0.2832188606262207, "judgement": "Way off"}
{"id": "fermi_000523", "topic": "fermi", "subtopic": "crowd_density", "prompt": "A plaza is about 50 m by 35 m, with roughly 4 people per square meter. About how many people are there?", "exact_value": 7000, "model": "qwen/qwen2.5-3b-instruct", "provider": "transformers", "response": "Final answer: 72", "numeric_answer": 72.0, "relative_error": 0.9897142857142858, "thinking_text": null, "has_tool_call": false, "tool_call": null, "usage": {"prompt_tokens": 172, "completion_tokens": 7, "total_tokens": 179, "token_count_source": "tokenizer"}, "decoding": {"temperature": 0.2, "top_p": null, "top_k": null, "max_tokens": 256, "seed": 42}, "prompt_tokens": 172, "completion_tokens": 7, "total_tokens": 179, "token_count_source": "tokenizer", "diffusion_steps": null, "flops_estimate": null, "flops_arch": null, "flops_model_params": null, "flops_active_params": null, "tokens_non_final": 3, "tokens_reasoning": 0, "tokens_response": 3, "elapsed_seconds": 0.2530391216278076, "judgement": "Way off"}
{"id": "fermi_000543", "topic": "fermi", "subtopic": "crowd_density", "prompt": "A plaza is about 40 m by 35 m, with roughly 2 people per square meter. About how many people are there?", "exact_value": 2800, "model": "qwen/qwen2.5-3b-instruct", "provider": "transformers", "response": "Final answer: 28", "numeric_answer": 28.0, "relative_error": 0.99, "thinking_text": null, "has_tool_call": false, "tool_call": null, "usage": {"prompt_tokens": 172, "completion_tokens": 7, "total_tokens": 179, "token_count_source": "tokenizer"}, "decoding": {"temperature": 0.2, "top_p": null, "top_k": null, "max_tokens": 256, "seed": 42}, "prompt_tokens": 172, "completion_tokens": 7, "total_tokens": 179, "token_count_source": "tokenizer", "diffusion_steps": null, "flops_estimate": null, "flops_arch": null, "flops_model_params": null, "flops_active_params": null, "tokens_non_final": 3, "tokens_reasoning": 0, "tokens_response": 3, "elapsed_seconds": 0.24779868125915527, "judgement": "Way off"}
{"id": "fermi_000563", "topic": "fermi", "subtopic": "crowd_density", "prompt": "A plaza is about 30 m by 30 m, with roughly 3 people per square meter. About how many people are there?", "exact_value": 2700, "model": "qwen/qwen2.5-3b-instruct", "provider": "transformers", "response": "Final answer: 90", "numeric_answer": 90.0, "relative_error": 0.9666666666666667, "thinking_text": null, "has_tool_call": false, "tool_call": null, "usage": {"prompt_tokens": 172, "completion_tokens": 7, "total_tokens": 179, "token_count_source": "tokenizer"}, "decoding": {"temperature": 0.2, "top_p": null, "top_k": null, "max_tokens": 256, "seed": 42}, "prompt_tokens": 172, "completion_tokens": 7, "total_tokens": 179, "token_count_source": "tokenizer", "diffusion_steps": null, "flops_estimate": null, "flops_arch": null, "flops_model_params": null, "flops_active_params": null, "tokens_non_final": 3, "tokens_reasoning": 0, "tokens_response": 3, "elapsed_seconds": 0.24040722846984863, "judgement": "Way off"}
{"id": "fermi_000583", "topic": "fermi", "subtopic": "crowd_density", "prompt": "A plaza is about 60 m by 25 m, with roughly 4 people per square meter. About how many people are there?", "exact_value": 6000, "model": "qwen/qwen2.5-3b-instruct", "provider": "transformers", "response": "Final answer: 300", "numeric_answer": 300.0, "relative_error": 0.95, "thinking_text": null, "has_tool_call": false, "tool_call": null, "usage": {"prompt_tokens": 172, "completion_tokens": 8, "total_tokens": 180, "token_count_source": "tokenizer"}, "decoding": {"temperature": 0.2, "top_p": null, "top_k": null, "max_tokens": 256, "seed": 42}, "prompt_tokens": 172, "completion_tokens": 8, "total_tokens": 180, "token_count_source": "tokenizer", "diffusion_steps": null, "flops_estimate": null, "flops_arch": null, "flops_model_params": null, "flops_active_params": null, "tokens_non_final": 3, "tokens_reasoning": 0, "tokens_response": 3, "elapsed_seconds": 0.27956390380859375, "judgement": "Way off"}
{"id": "fermi_000603", "topic": "fermi", "subtopic": "crowd_density", "prompt": "A plaza is about 70 m by 25 m, with roughly 3 people per square meter. About how many people are there?", "exact_value": 5250, "model": "qwen/qwen2.5-3b-instruct", "provider": "transformers", "response": "Final answer: 450", "numeric_answer": 450.0, "relative_error": 0.9142857142857143, "thinking_text": null, "has_tool_call": false, "tool_call": null, "usage": {"prompt_tokens": 172, "completion_tokens": 8, "total_tokens": 180, "token_count_source": "tokenizer"}, "decoding": {"temperature": 0.2, "top_p": null, "top_k": null, "max_tokens": 256, "seed": 42}, "prompt_tokens": 172, "completion_tokens": 8, "total_tokens": 180, "token_count_source": "tokenizer", "diffusion_steps": null, "flops_estimate": null, "flops_arch": null, "flops_model_params": null, "flops_active_params": null, "tokens_non_final": 3, "tokens_reasoning": 0, "tokens_response": 3, "elapsed_seconds": 0.2721247673034668, "judgement": "Way off"}
{"id": "fermi_000623", "topic": "fermi", "subtopic": "crowd_density", "prompt": "A plaza is about 70 m by 35 m, with roughly 3 people per square meter. About how many people are there?", "exact_value": 7350, "model": "qwen/qwen2.5-3b-instruct", "provider": "transformers", "response": "Final answer: 2100", "numeric_answer": 2100.0, "relative_error": 0.7142857142857143, "thinking_text": null, "has_tool_call": false, "tool_call": null, "usage": {"prompt_tokens": 172, "completion_tokens": 9, "total_tokens": 181, "token_count_source": "tokenizer"}, "decoding": {"temperature": 0.2, "top_p": null, "top_k": null, "max_tokens": 256, "seed": 42}, "prompt_tokens": 172, "completion_tokens": 9, "total_tokens": 181, "token_count_source": "tokenizer", "diffusion_steps": null, "flops_estimate": null, "flops_arch": null, "flops_model_params": null, "flops_active_params": null, "tokens_non_final": 3, "tokens_reasoning": 0, "tokens_response": 3, "elapsed_seconds": 0.31845808029174805, "judgement": "Way off"}
{"id": "fermi_000643", "topic": "fermi", "subtopic": "crowd_density", "prompt": "A plaza is about 30 m by 25 m, with roughly 4 people per square meter. About how many people are there?", "exact_value": 3000, "model": "qwen/qwen2.5-3b-instruct", "provider": "transformers", "response": "Final answer: 300", "numeric_answer": 300.0, "relative_error": 0.9, "thinking_text": null, "has_tool_call": false, "tool_call": null, "usage": {"prompt_tokens": 172, "completion_tokens": 8, "total_tokens": 180, "token_count_source": "tokenizer"}, "decoding": {"temperature": 0.2, "top_p": null, "top_k": null, "max_tokens": 256, "seed": 42}, "prompt_tokens": 172, "completion_tokens": 8, "total_tokens": 180, "token_count_source": "tokenizer", "diffusion_steps": null, "flops_estimate": null, "flops_arch": null, "flops_model_params": null, "flops_active_params": null, "tokens_non_final": 3, "tokens_reasoning": 0, "tokens_response": 3, "elapsed_seconds": 0.2693033218383789, "judgement": "Way off"}
{"id": "fermi_000663", "topic": "fermi", "subtopic": "crowd_density", "prompt": "A plaza is about 30 m by 25 m, with roughly 2 people per square meter. About how many people are there?", "exact_value": 1500, "model": "qwen/qwen2.5-3b-instruct", "provider": "transformers", "response": "Final answer: 750", "numeric_answer": 750.0, "relative_error": 0.5, "thinking_text": null, "has_tool_call": false, "tool_call": null, "usage": {"prompt_tokens": 172, "completion_tokens": 8, "total_tokens": 180, "token_count_source": "tokenizer"}, "decoding": {"temperature": 0.2, "top_p": null, "top_k": null, "max_tokens": 256, "seed": 42}, "prompt_tokens": 172, "completion_tokens": 8, "total_tokens": 180, "token_count_source": "tokenizer", "diffusion_steps": null, "flops_estimate": null, "flops_arch": null, "flops_model_params": null, "flops_active_params": null, "tokens_non_final": 3, "tokens_reasoning": 0, "tokens_response": 3, "elapsed_seconds": 0.2632584571838379, "judgement": "Mildly off"}
{"id": "fermi_000683", "topic": "fermi", "subtopic": "crowd_density", "prompt": "A plaza is about 70 m by 35 m, with roughly 1 people per square meter. About how many people are there?", "exact_value": 2450, "model": "qwen/qwen2.5-3b-instruct", "provider": "transformers", "response": "Final answer: 2100", "numeric_answer": 2100.0, "relative_error": 0.14285714285714285, "thinking_text": null, "has_tool_call": false, "tool_call": null, "usage": {"prompt_tokens": 172, "completion_tokens": 9, "total_tokens": 181, "token_count_source": "tokenizer"}, "decoding": {"temperature": 0.2, "top_p": null, "top_k": null, "max_tokens": 256, "seed": 42}, "prompt_tokens": 172, "completion_tokens": 9, "total_tokens": 181, "token_count_source": "tokenizer", "diffusion_steps": null, "flops_estimate": null, "flops_arch": null, "flops_model_params": null, "flops_active_params": null, "tokens_non_final": 3, "tokens_reasoning": 0, "tokens_response": 3, "elapsed_seconds": 0.29055333137512207, "judgement": "Good approximation"}
{"id": "fermi_000703", "topic": "fermi", "subtopic": "crowd_density", "prompt": "A plaza is about 40 m by 25 m, with roughly 1 people per square meter. About how many people are there?", "exact_value": 1000, "model": "qwen/qwen2.5-3b-instruct", "provider": "transformers", "response": "Final answer: 1000", "numeric_answer": 1000.0, "relative_error": 0.0, "thinking_text": null, "has_tool_call": false, "tool_call": null, "usage": {"prompt_tokens": 172, "completion_tokens": 9, "total_tokens": 181, "token_count_source": "tokenizer"}, "decoding": {"temperature": 0.2, "top_p": null, "top_k": null, "max_tokens": 256, "seed": 42}, "prompt_tokens": 172, "completion_tokens": 9, "total_tokens": 181, "token_count_source": "tokenizer", "diffusion_steps": null, "flops_estimate": null, "flops_arch": null, "flops_model_params": null, "flops_active_params": null, "tokens_non_final": 3, "tokens_reasoning": 0, "tokens_response": 3, "elapsed_seconds": 0.30926060676574707, "judgement": "Exact math"}
{"id": "fermi_000723", "topic": "fermi", "subtopic": "crowd_density", "prompt": "A plaza is about 50 m by 30 m, with roughly 4 people per square meter. About how many people are there?", "exact_value": 6000, "model": "qwen/qwen2.5-3b-instruct", "provider": "transformers", "response": "Final answer: 6", "numeric_answer": 6.0, "relative_error": 0.999, "thinking_text": null, "has_tool_call": false, "tool_call": null, "usage": {"prompt_tokens": 172, "completion_tokens": 6, "total_tokens": 178, "token_count_source": "tokenizer"}, "decoding": {"temperature": 0.2, "top_p": null, "top_k": null, "max_tokens": 256, "seed": 42}, "prompt_tokens": 172, "completion_tokens": 6, "total_tokens": 178, "token_count_source": "tokenizer", "diffusion_steps": null, "flops_estimate": null, "flops_arch": null, "flops_model_params": null, "flops_active_params": null, "tokens_non_final": 3, "tokens_reasoning": 0, "tokens_response": 3, "elapsed_seconds": 0.2087702751159668, "judgement": "Way off"}
{"id": "fermi_000743", "topic": "fermi", "subtopic": "crowd_density", "prompt": "A plaza is about 50 m by 25 m, with roughly 4 people per square meter. About how many people are there?", "exact_value": 5000, "model": "qwen/qwen2.5-3b-instruct", "provider": "transformers", "response": "Final answer: 300", "numeric_answer": 300.0, "relative_error": 0.94, "thinking_text": null, "has_tool_call": false, "tool_call": null, "usage": {"prompt_tokens": 172, "completion_tokens": 8, "total_tokens": 180, "token_count_source": "tokenizer"}, "decoding": {"temperature": 0.2, "top_p": null, "top_k": null, "max_tokens": 256, "seed": 42}, "prompt_tokens": 172, "completion_tokens": 8, "total_tokens": 180, "token_count_source": "tokenizer", "diffusion_steps": null, "flops_estimate": null, "flops_arch": null, "flops_model_params": null, "flops_active_params": null, "tokens_non_final": 3, "tokens_reasoning": 0, "tokens_response": 3, "elapsed_seconds": 0.2842562198638916, "judgement": "Way off"}
{"id": "fermi_000763", "topic": "fermi", "subtopic": "crowd_density", "prompt": "A plaza is about 60 m by 35 m, with roughly 4 people per square meter. About how many people are there?", "exact_value": 8400, "model": "qwen/qwen2.5-3b-instruct", "provider": "transformers", "response": "Final answer: 87", "numeric_answer": 87.0, "relative_error": 0.9896428571428572, "thinking_text": null, "has_tool_call": false, "tool_call": null, "usage": {"prompt_tokens": 172, "completion_tokens": 7, "total_tokens": 179, "token_count_source": "tokenizer"}, "decoding": {"temperature": 0.2, "top_p": null, "top_k": null, "max_tokens": 256, "seed": 42}, "prompt_tokens": 172, "completion_tokens": 7, "total_tokens": 179, "token_count_source": "tokenizer", "diffusion_steps": null, "flops_estimate": null, "flops_arch": null, "flops_model_params": null, "flops_active_params": null, "tokens_non_final": 3, "tokens_reasoning": 0, "tokens_response": 3, "elapsed_seconds": 0.2308511734008789, "judgement": "Way off"}
{"id": "fermi_000783", "topic": "fermi", "subtopic": "crowd_density", "prompt": "A plaza is about 50 m by 25 m, with roughly 4 people per square meter. About how many people are there?", "exact_value": 5000, "model": "qwen/qwen2.5-3b-instruct", "provider": "transformers", "response": "Final answer: 300", "numeric_answer": 300.0, "relative_error": 0.94, "thinking_text": null, "has_tool_call": false, "tool_call": null, "usage": {"prompt_tokens": 172, "completion_tokens": 8, "total_tokens": 180, "token_count_source": "tokenizer"}, "decoding": {"temperature": 0.2, "top_p": null, "top_k": null, "max_tokens": 256, "seed": 42}, "prompt_tokens": 172, "completion_tokens": 8, "total_tokens": 180, "token_count_source": "tokenizer", "diffusion_steps": null, "flops_estimate": null, "flops_arch": null, "flops_model_params": null, "flops_active_params": null, "tokens_non_final": 3, "tokens_reasoning": 0, "tokens_response": 3, "elapsed_seconds": 0.26590800285339355, "judgement": "Way off"}
{"id": "fermi_000803", "topic": "fermi", "subtopic": "crowd_density", "prompt": "A plaza is about 30 m by 20 m, with roughly 2 people per square meter. About how many people are there?", "exact_value": 1200, "model": "qwen/qwen2.5-3b-instruct", "provider": "transformers", "response": "Final answer: 600", "numeric_answer": 600.0, "relative_error": 0.5, "thinking_text": null, "has_tool_call": false, "tool_call": null, "usage": {"prompt_tokens": 172, "completion_tokens": 8, "total_tokens": 180, "token_count_source": "tokenizer"}, "decoding": {"temperature": 0.2, "top_p": null, "top_k": null, "max_tokens": 256, "seed": 42}, "prompt_tokens": 172, "completion_tokens": 8, "total_tokens": 180, "token_count_source": "tokenizer", "diffusion_steps": null, "flops_estimate": null, "flops_arch": null, "flops_model_params": null, "flops_active_params": null, "tokens_non_final": 3, "tokens_reasoning": 0, "tokens_response": 3, "elapsed_seconds": 0.27205395698547363, "judgement": "Mildly off"}
{"id": "fermi_000823", "topic": "fermi", "subtopic": "crowd_density", "prompt": "A plaza is about 50 m by 20 m, with roughly 3 people per square meter. About how many people are there?", "exact_value": 3000, "model": "qwen/qwen2.5-3b-instruct", "provider": "transformers", "response": "Final answer: 300", "numeric_answer": 300.0, "relative_error": 0.9, "thinking_text": null, "has_tool_call": false, "tool_call": null, "usage": {"prompt_tokens": 172, "completion_tokens": 8, "total_tokens": 180, "token_count_source": "tokenizer"}, "decoding": {"temperature": 0.2, "top_p": null, "top_k": null, "max_tokens": 256, "seed": 42}, "prompt_tokens": 172, "completion_tokens": 8, "total_tokens": 180, "token_count_source": "tokenizer", "diffusion_steps": null, "flops_estimate": null, "flops_arch": null, "flops_model_params": null, "flops_active_params": null, "tokens_non_final": 3, "tokens_reasoning": 0, "tokens_response": 3, "elapsed_seconds": 0.26999592781066895, "judgement": "Way off"}
{"id": "fermi_000843", "topic": "fermi", "subtopic": "crowd_density", "prompt": "A plaza is about 40 m by 30 m, with roughly 2 people per square meter. About how many people are there?", "exact_value": 2400, "model": "qwen/qwen2.5-3b-instruct", "provider": "transformers", "response": "Final answer: 2400", "numeric_answer": 2400.0, "relative_error": 0.0, "thinking_text": null, "has_tool_call": false, "tool_call": null, "usage": {"prompt_tokens": 172, "completion_tokens": 9, "total_tokens": 181, "token_count_source": "tokenizer"}, "decoding": {"temperature": 0.2, "top_p": null, "top_k": null, "max_tokens": 256, "seed": 42}, "prompt_tokens": 172, "completion_tokens": 9, "total_tokens": 181, "token_count_source": "tokenizer", "diffusion_steps": null, "flops_estimate": null, "flops_arch": null, "flops_model_params": null, "flops_active_params": null, "tokens_non_final": 3, "tokens_reasoning": 0, "tokens_response": 3, "elapsed_seconds": 0.30124783515930176, "judgement": "Exact math"}
{"id": "fermi_000863", "topic": "fermi", "subtopic": "crowd_density", "prompt": "A plaza is about 50 m by 35 m, with roughly 4 people per square meter. About how many people are there?", "exact_value": 7000, "model": "qwen/qwen2.5-3b-instruct", "provider": "transformers", "response": "Final answer: 727", "numeric_answer": 727.0, "relative_error": 0.8961428571428571, "thinking_text": null, "has_tool_call": false, "tool_call": null, "usage": {"prompt_tokens": 172, "completion_tokens": 8, "total_tokens": 180, "token_count_source": "tokenizer"}, "decoding": {"temperature": 0.2, "top_p": null, "top_k": null, "max_tokens": 256, "seed": 42}, "prompt_tokens": 172, "completion_tokens": 8, "total_tokens": 180, "token_count_source": "tokenizer", "diffusion_steps": null, "flops_estimate": null, "flops_arch": null, "flops_model_params": null, "flops_active_params": null, "tokens_non_final": 3, "tokens_reasoning": 0, "tokens_response": 3, "elapsed_seconds": 0.2690770626068115, "judgement": "Way off"}
{"id": "fermi_000883", "topic": "fermi", "subtopic": "crowd_density", "prompt": "A plaza is about 60 m by 20 m, with roughly 4 people per square meter. About how many people are there?", "exact_value": 4800, "model": "qwen/qwen2.5-3b-instruct", "provider": "transformers", "response": "Final answer: 48", "numeric_answer": 48.0, "relative_error": 0.99, "thinking_text": null, "has_tool_call": false, "tool_call": null, "usage": {"prompt_tokens": 172, "completion_tokens": 7, "total_tokens": 179, "token_count_source": "tokenizer"}, "decoding": {"temperature": 0.2, "top_p": null, "top_k": null, "max_tokens": 256, "seed": 42}, "prompt_tokens": 172, "completion_tokens": 7, "total_tokens": 179, "token_count_source": "tokenizer", "diffusion_steps": null, "flops_estimate": null, "flops_arch": null, "flops_model_params": null, "flops_active_params": null, "tokens_non_final": 3, "tokens_reasoning": 0, "tokens_response": 3, "elapsed_seconds": 0.2309412956237793, "judgement": "Way off"}
{"id": "fermi_000903", "topic": "fermi", "subtopic": "crowd_density", "prompt": "A plaza is about 60 m by 20 m, with roughly 1 people per square meter. About how many people are there?", "exact_value": 1200, "model": "qwen/qwen2.5-3b-instruct", "provider": "transformers", "response": "Final answer: 1200", "numeric_answer": 1200.0, "relative_error": 0.0, "thinking_text": null, "has_tool_call": false, "tool_call": null, "usage": {"prompt_tokens": 172, "completion_tokens": 9, "total_tokens": 181, "token_count_source": "tokenizer"}, "decoding": {"temperature": 0.2, "top_p": null, "top_k": null, "max_tokens": 256, "seed": 42}, "prompt_tokens": 172, "completion_tokens": 9, "total_tokens": 181, "token_count_source": "tokenizer", "diffusion_steps": null, "flops_estimate": null, "flops_arch": null, "flops_model_params": null, "flops_active_params": null, "tokens_non_final": 3, "tokens_reasoning": 0, "tokens_response": 3, "elapsed_seconds": 0.3046424388885498, "judgement": "Exact math"}
{"id": "fermi_000923", "topic": "fermi", "subtopic": "crowd_density", "prompt": "A plaza is about 30 m by 20 m, with roughly 3 people per square meter. About how many people are there?", "exact_value": 1800, "model": "qwen/qwen2.5-3b-instruct", "provider": "transformers", "response": "Final answer: 180", "numeric_answer": 180.0, "relative_error": 0.9, "thinking_text": null, "has_tool_call": false, "tool_call": null, "usage": {"prompt_tokens": 172, "completion_tokens": 8, "total_tokens": 180, "token_count_source": "tokenizer"}, "decoding": {"temperature": 0.2, "top_p": null, "top_k": null, "max_tokens": 256, "seed": 42}, "prompt_tokens": 172, "completion_tokens": 8, "total_tokens": 180, "token_count_source": "tokenizer", "diffusion_steps": null, "flops_estimate": null, "flops_arch": null, "flops_model_params": null, "flops_active_params": null, "tokens_non_final": 3, "tokens_reasoning": 0, "tokens_response": 3, "elapsed_seconds": 0.2725565433502197, "judgement": "Way off"}
{"id": "fermi_000943", "topic": "fermi", "subtopic": "crowd_density", "prompt": "A plaza is about 50 m by 25 m, with roughly 1 people per square meter. About how many people are there?", "exact_value": 1250, "model": "qwen/qwen2.5-3b-instruct", "provider": "transformers", "response": "Final answer: 1250", "numeric_answer": 1250.0, "relative_error": 0.0, "thinking_text": null, "has_tool_call": false, "tool_call": null, "usage": {"prompt_tokens": 172, "completion_tokens": 9, "total_tokens": 181, "token_count_source": "tokenizer"}, "decoding": {"temperature": 0.2, "top_p": null, "top_k": null, "max_tokens": 256, "seed": 42}, "prompt_tokens": 172, "completion_tokens": 9, "total_tokens": 181, "token_count_source": "tokenizer", "diffusion_steps": null, "flops_estimate": null, "flops_arch": null, "flops_model_params": null, "flops_active_params": null, "tokens_non_final": 3, "tokens_reasoning": 0, "tokens_response": 3, "elapsed_seconds": 0.31267690658569336, "judgement": "Exact math"}
{"id": "fermi_000963", "topic": "fermi", "subtopic": "crowd_density", "prompt": "A plaza is about 70 m by 35 m, with roughly 4 people per square meter. About how many people are there?", "exact_value": 9800, "model": "qwen/qwen2.5-3b-instruct", "provider": "transformers", "response": "Final answer: 28", "numeric_answer": 28.0, "relative_error": 0.9971428571428571, "thinking_text": null, "has_tool_call": false, "tool_call": null, "usage": {"prompt_tokens": 172, "completion_tokens": 7, "total_tokens": 179, "token_count_source": "tokenizer"}, "decoding": {"temperature": 0.2, "top_p": null, "top_k": null, "max_tokens": 256, "seed": 42}, "prompt_tokens": 172, "completion_tokens": 7, "total_tokens": 179, "token_count_source": "tokenizer", "diffusion_steps": null, "flops_estimate": null, "flops_arch": null, "flops_model_params": null, "flops_active_params": null, "tokens_non_final": 3, "tokens_reasoning": 0, "tokens_response": 3, "elapsed_seconds": 0.22848224639892578, "judgement": "Way off"}
{"id": "fermi_000983", "topic": "fermi", "subtopic": "crowd_density", "prompt": "A plaza is about 50 m by 25 m, with roughly 3 people per square meter. About how many people are there?", "exact_value": 3750, "model": "qwen/qwen2.5-3b-instruct", "provider": "transformers", "response": "Final answer: 375", "numeric_answer": 375.0, "relative_error": 0.9, "thinking_text": null, "has_tool_call": false, "tool_call": null, "usage": {"prompt_tokens": 172, "completion_tokens": 8, "total_tokens": 180, "token_count_source": "tokenizer"}, "decoding": {"temperature": 0.2, "top_p": null, "top_k": null, "max_tokens": 256, "seed": 42}, "prompt_tokens": 172, "completion_tokens": 8, "total_tokens": 180, "token_count_source": "tokenizer", "diffusion_steps": null, "flops_estimate": null, "flops_arch": null, "flops_model_params": null, "flops_active_params": null, "tokens_non_final": 3, "tokens_reasoning": 0, "tokens_response": 3, "elapsed_seconds": 0.2781658172607422, "judgement": "Way off"}
{"id": "fermi_001003", "topic": "fermi", "subtopic": "crowd_density", "prompt": "A plaza is about 30 m by 25 m, with roughly 3 people per square meter. About how many people are there?", "exact_value": 2250, "model": "qwen/qwen2.5-3b-instruct", "provider": "transformers", "response": "Final answer: 247", "numeric_answer": 247.0, "relative_error": 0.8902222222222222, "thinking_text": null, "has_tool_call": false, "tool_call": null, "usage": {"prompt_tokens": 172, "completion_tokens": 8, "total_tokens": 180, "token_count_source": "tokenizer"}, "decoding": {"temperature": 0.2, "top_p": null, "top_k": null, "max_tokens": 256, "seed": 42}, "prompt_tokens": 172, "completion_tokens": 8, "total_tokens": 180, "token_count_source": "tokenizer", "diffusion_steps": null, "flops_estimate": null, "flops_arch": null, "flops_model_params": null, "flops_active_params": null, "tokens_non_final": 3, "tokens_reasoning": 0, "tokens_response": 3, "elapsed_seconds": 0.2835102081298828, "judgement": "Way off"}
{"id": "fermi_001023", "topic": "fermi", "subtopic": "crowd_density", "prompt": "A plaza is about 30 m by 25 m, with roughly 2 people per square meter. About how many people are there?", "exact_value": 1500, "model": "qwen/qwen2.5-3b-instruct", "provider": "transformers", "response": "Final answer: 750", "numeric_answer": 750.0, "relative_error": 0.5, "thinking_text": null, "has_tool_call": false, "tool_call": null, "usage": {"prompt_tokens": 172, "completion_tokens": 8, "total_tokens": 180, "token_count_source": "tokenizer"}, "decoding": {"temperature": 0.2, "top_p": null, "top_k": null, "max_tokens": 256, "seed": 42}, "prompt_tokens": 172, "completion_tokens": 8, "total_tokens": 180, "token_count_source": "tokenizer", "diffusion_steps": null, "flops_estimate": null, "flops_arch": null, "flops_model_params": null, "flops_active_params": null, "tokens_non_final": 3, "tokens_reasoning": 0, "tokens_response": 3, "elapsed_seconds": 0.28090596199035645, "judgement": "Mildly off"}
{"id": "fermi_001043", "topic": "fermi", "subtopic": "crowd_density", "prompt": "A plaza is about 60 m by 20 m, with roughly 3 people per square meter. About how many people are there?", "exact_value": 3600, "model": "qwen/qwen2.5-3b-instruct", "provider": "transformers", "response": "Final answer: 360", "numeric_answer": 360.0, "relative_error": 0.9, "thinking_text": null, "has_tool_call": false, "tool_call": null, "usage": {"prompt_tokens": 172, "completion_tokens": 8, "total_tokens": 180, "token_count_source": "tokenizer"}, "decoding": {"temperature": 0.2, "top_p": null, "top_k": null, "max_tokens": 256, "seed": 42}, "prompt_tokens": 172, "completion_tokens": 8, "total_tokens": 180, "token_count_source": "tokenizer", "diffusion_steps": null, "flops_estimate": null, "flops_arch": null, "flops_model_params": null, "flops_active_params": null, "tokens_non_final": 3, "tokens_reasoning": 0, "tokens_response": 3, "elapsed_seconds": 0.2647278308868408, "judgement": "Way off"}
{"id": "fermi_001063", "topic": "fermi", "subtopic": "crowd_density", "prompt": "A plaza is about 40 m by 20 m, with roughly 1 people per square meter. About how many people are there?", "exact_value": 800, "model": "qwen/qwen2.5-3b-instruct", "provider": "transformers", "response": "Final answer: 800", "numeric_answer": 800.0, "relative_error": 0.0, "thinking_text": null, "has_tool_call": false, "tool_call": null, "usage": {"prompt_tokens": 172, "completion_tokens": 8, "total_tokens": 180, "token_count_source": "tokenizer"}, "decoding": {"temperature": 0.2, "top_p": null, "top_k": null, "max_tokens": 256, "seed": 42}, "prompt_tokens": 172, "completion_tokens": 8, "total_tokens": 180, "token_count_source": "tokenizer", "diffusion_steps": null, "flops_estimate": null, "flops_arch": null, "flops_model_params": null, "flops_active_params": null, "tokens_non_final": 3, "tokens_reasoning": 0, "tokens_response": 3, "elapsed_seconds": 0.2657759189605713, "judgement": "Exact math"}
{"id": "travel_time_000108", "topic": "travel_time", "subtopic": "drive_time", "prompt": "You need to travel about 161 miles at around 55 mph. About how many hours will it take?", "exact_value": 2.92, "model": "qwen/qwen2.5-3b-instruct", "provider": "transformers", "response": "Final answer: 3", "numeric_answer": 3.0, "relative_error": 0.02739726027397263, "thinking_text": null, "has_tool_call": false, "tool_call": null, "usage": {"prompt_tokens": 167, "completion_tokens": 6, "total_tokens": 173, "token_count_source": "tokenizer"}, "decoding": {"temperature": 0.2, "top_p": null, "top_k": null, "max_tokens": 256, "seed": 42}, "prompt_tokens": 167, "completion_tokens": 6, "total_tokens": 173, "token_count_source": "tokenizer", "diffusion_steps": null, "flops_estimate": null, "flops_arch": null, "flops_model_params": null, "flops_active_params": null, "tokens_non_final": 3, "tokens_reasoning": 0, "tokens_response": 3, "elapsed_seconds": 0.21166086196899414, "judgement": "Good approximation"}
{"id": "travel_time_000128", "topic": "travel_time", "subtopic": "drive_time", "prompt": "You need to travel about 11 miles at around 45 mph. About how many hours will it take?", "exact_value": 0.2511111111111111, "model": "qwen/qwen2.5-3b-instruct", "provider": "transformers", "response": "Final answer: 2", "numeric_answer": 2.0, "relative_error": 6.964601769911504, "thinking_text": null, "has_tool_call": false, "tool_call": null, "usage": {"prompt_tokens": 166, "completion_tokens": 6, "total_tokens": 172, "token_count_source": "tokenizer"}, "decoding": {"temperature": 0.2, "top_p": null, "top_k": null, "max_tokens": 256, "seed": 42}, "prompt_tokens": 166, "completion_tokens": 6, "total_tokens": 172, "token_count_source": "tokenizer", "diffusion_steps": null, "flops_estimate": null, "flops_arch": null, "flops_model_params": null, "flops_active_params": null, "tokens_non_final": 3, "tokens_reasoning": 0, "tokens_response": 3, "elapsed_seconds": 0.20174837112426758, "judgement": "Way off"}
{"id": "travel_time_000148", "topic": "travel_time", "subtopic": "drive_time", "prompt": "You need to travel about 189 miles at around 45 mph. About how many hours will it take?", "exact_value": 4.202222222222222, "model": "qwen/qwen2.5-3b-instruct", "provider": "transformers", "response": "Final answer: 4", "numeric_answer": 4.0, "relative_error": 0.04812268640930716, "thinking_text": null, "has_tool_call": false, "tool_call": null, "usage": {"prompt_tokens": 167, "completion_tokens": 6, "total_tokens": 173, "token_count_source": "tokenizer"}, "decoding": {"temperature": 0.2, "top_p": null, "top_k": null, "max_tokens": 256, "seed": 42}, "prompt_tokens": 167, "completion_tokens": 6, "total_tokens": 173, "token_count_source": "tokenizer", "diffusion_steps": null, "flops_estimate": null, "flops_arch": null, "flops_model_params": null, "flops_active_params": null, "tokens_non_final": 3, "tokens_reasoning": 0, "tokens_response": 3, "elapsed_seconds": 0.20911693572998047, "judgement": "Good approximation"}
{"id": "travel_time_000168", "topic": "travel_time", "subtopic": "drive_time", "prompt": "You need to travel about 239 miles at around 45 mph. About how many hours will it take?", "exact_value": 5.304444444444444, "model": "qwen/qwen2.5-3b-instruct", "provider": "transformers", "response": "Final answer: 5", "numeric_answer": 5.0, "relative_error": 0.0573942186845412, "thinking_text": null, "has_tool_call": false, "tool_call": null, "usage": {"prompt_tokens": 167, "completion_tokens": 6, "total_tokens": 173, "token_count_source": "tokenizer"}, "decoding": {"temperature": 0.2, "top_p": null, "top_k": null, "max_tokens": 256, "seed": 42}, "prompt_tokens": 167, "completion_tokens": 6, "total_tokens": 173, "token_count_source": "tokenizer", "diffusion_steps": null, "flops_estimate": null, "flops_arch": null, "flops_model_params": null, "flops_active_params": null, "tokens_non_final": 3, "tokens_reasoning": 0, "tokens_response": 3, "elapsed_seconds": 0.20753741264343262, "judgement": "Good approximation"}
{"id": "travel_time_000188", "topic": "travel_time", "subtopic": "drive_time", "prompt": "You need to travel about 118 miles at around 45 mph. About how many hours will it take?", "exact_value": 2.6133333333333333, "model": "qwen/qwen2.5-3b-instruct", "provider": "transformers", "response": "Final answer: 2.5", "numeric_answer": 2.5, "relative_error": 0.043367346938775496, "thinking_text": null, "has_tool_call": false, "tool_call": null, "usage": {"prompt_tokens": 167, "completion_tokens": 8, "total_tokens": 175, "token_count_source": "tokenizer"}, "decoding": {"temperature": 0.2, "top_p": null, "top_k": null, "max_tokens": 256, "seed": 42}, "prompt_tokens": 167, "completion_tokens": 8, "total_tokens": 175, "token_count_source": "tokenizer", "diffusion_steps": null, "flops_estimate": null, "flops_arch": null, "flops_model_params": null, "flops_active_params": null, "tokens_non_final": 3, "tokens_reasoning": 0, "tokens_response": 3, "elapsed_seconds": 0.272641658782959, "judgement": "Good approximation"}
{"id": "travel_time_000208", "topic": "travel_time", "subtopic": "drive_time", "prompt": "You need to travel about 224 miles at around 55 mph. About how many hours will it take?", "exact_value": 4.067272727272727, "model": "qwen/qwen2.5-3b-instruct", "provider": "transformers", "response": "Final answer: 4", "numeric_answer": 4.0, "relative_error": 0.016540008940545397, "thinking_text": null, "has_tool_call": false, "tool_call": null, "usage": {"prompt_tokens": 167, "completion_tokens": 6, "total_tokens": 173, "token_count_source": "tokenizer"}, "decoding": {"temperature": 0.2, "top_p": null, "top_k": null, "max_tokens": 256, "seed": 42}, "prompt_tokens": 167, "completion_tokens": 6, "total_tokens": 173, "token_count_source": "tokenizer", "diffusion_steps": null, "flops_estimate": null, "flops_arch": null, "flops_model_params": null, "flops_active_params": null, "tokens_non_final": 3, "tokens_reasoning": 0, "tokens_response": 3, "elapsed_seconds": 0.20318007469177246, "judgement": "Good approximation"}
{"id": "travel_time_000228", "topic": "travel_time", "subtopic": "drive_time", "prompt": "You need to travel about 37 miles at around 45 mph. About how many hours will it take?", "exact_value": 0.8222222222222222, "model": "qwen/qwen2.5-3b-instruct", "provider": "transformers", "response": "Final answer: 1", "numeric_answer": 1.0, "relative_error": 0.21621621621621626, "thinking_text": null, "has_tool_call": false, "tool_call": null, "usage": {"prompt_tokens": 166, "completion_tokens": 6, "total_tokens": 172, "token_count_source": "tokenizer"}, "decoding": {"temperature": 0.2, "top_p": null, "top_k": null, "max_tokens": 256, "seed": 42}, "prompt_tokens": 166, "completion_tokens": 6, "total_tokens": 172, "token_count_source": "tokenizer", "diffusion_steps": null, "flops_estimate": null, "flops_arch": null, "flops_model_params": null, "flops_active_params": null, "tokens_non_final": 3, "tokens_reasoning": 0, "tokens_response": 3, "elapsed_seconds": 0.20719647407531738, "judgement": "Mildly off"}
{"id": "travel_time_000248", "topic": "travel_time", "subtopic": "drive_time", "prompt": "You need to travel about 213 miles at around 35 mph. About how many hours will it take?", "exact_value": 6.082857142857143, "model": "qwen/qwen2.5-3b-instruct", "provider": "transformers", "response": "Final answer: 6", "numeric_answer": 6.0, "relative_error": 0.013621418506340986, "thinking_text": null, "has_tool_call": false, "tool_call": null, "usage": {"prompt_tokens": 167, "completion_tokens": 6, "total_tokens": 173, "token_count_source": "tokenizer"}, "decoding": {"temperature": 0.2, "top_p": null, "top_k": null, "max_tokens": 256, "seed": 42}, "prompt_tokens": 167, "completion_tokens": 6, "total_tokens": 173, "token_count_source": "tokenizer", "diffusion_steps": null, "flops_estimate": null, "flops_arch": null, "flops_model_params": null, "flops_active_params": null, "tokens_non_final": 3, "tokens_reasoning": 0, "tokens_response": 3, "elapsed_seconds": 0.19881129264831543, "judgement": "Good approximation"}
{"id": "travel_time_000268", "topic": "travel_time", "subtopic": "drive_time", "prompt": "You need to travel about 130 miles at around 35 mph. About how many hours will it take?", "exact_value": 3.7228571428571433, "model": "qwen/qwen2.5-3b-instruct", "provider": "transformers", "response": "Final answer: 4", "numeric_answer": 4.0, "relative_error": 0.07444359171143503, "thinking_text": null, "has_tool_call": false, "tool_call": null, "usage": {"prompt_tokens": 167, "completion_tokens": 6, "total_tokens": 173, "token_count_source": "tokenizer"}, "decoding": {"temperature": 0.2, "top_p": null, "top_k": null, "max_tokens": 256, "seed": 42}, "prompt_tokens": 167, "completion_tokens": 6, "total_tokens": 173, "token_count_source": "tokenizer", "diffusion_steps": null, "flops_estimate": null, "flops_arch": null, "flops_model_params": null, "flops_active_params": null, "tokens_non_final": 3, "tokens_reasoning": 0, "tokens_response": 3, "elapsed_seconds": 0.2057337760925293, "judgement": "Good approximation"}
{"id": "travel_time_000288", "topic": "travel_time", "subtopic": "drive_time", "prompt": "You need to travel about 182 miles at around 45 mph. About how many hours will it take?", "exact_value": 4.04, "model": "qwen/qwen2.5-3b-instruct", "provider": "transformers", "response": "Final answer: 4", "numeric_answer": 4.0, "relative_error": 0.00990099009900991, "thinking_text": null, "has_tool_call": false, "tool_call": null, "usage": {"prompt_tokens": 167, "completion_tokens": 6, "total_tokens": 173, "token_count_source": "tokenizer"}, "decoding": {"temperature": 0.2, "top_p": null, "top_k": null, "max_tokens": 256, "seed": 42}, "prompt_tokens": 167, "completion_tokens": 6, "total_tokens": 173, "token_count_source": "tokenizer", "diffusion_steps": null, "flops_estimate": null, "flops_arch": null, "flops_model_params": null, "flops_active_params": null, "tokens_non_final": 3, "tokens_reasoning": 0, "tokens_response": 3, "elapsed_seconds": 0.2125244140625, "judgement": "Good approximation"}
{"id": "travel_time_000308", "topic": "travel_time", "subtopic": "drive_time", "prompt": "You need to travel about 220 miles at around 55 mph. About how many hours will it take?", "exact_value": 4.009090909090909, "model": "qwen/qwen2.5-3b-instruct", "provider": "transformers", "response": "Final answer: 4", "numeric_answer": 4.0, "relative_error": 0.0022675736961450563, "thinking_text": null, "has_tool_call": false, "tool_call": null, "usage": {"prompt_tokens": 167, "completion_tokens": 6, "total_tokens": 173, "token_count_source": "tokenizer"}, "decoding": {"temperature": 0.2, "top_p": null, "top_k": null, "max_tokens": 256, "seed": 42}, "prompt_tokens": 167, "completion_tokens": 6, "total_tokens": 173, "token_count_source": "tokenizer", "diffusion_steps": null, "flops_estimate": null, "flops_arch": null, "flops_model_params": null, "flops_active_params": null, "tokens_non_final": 3, "tokens_reasoning": 0, "tokens_response": 3, "elapsed_seconds": 0.21221709251403809, "judgement": "Good approximation"}
{"id": "travel_time_000328", "topic": "travel_time", "subtopic": "drive_time", "prompt": "You need to travel about 144 miles at around 65 mph. About how many hours will it take?", "exact_value": 2.2184615384615385, "model": "qwen/qwen2.5-3b-instruct", "provider": "transformers", "response": "Final answer: 2", "numeric_answer": 2.0, "relative_error": 0.0984743411927878, "thinking_text": null, "has_tool_call": false, "tool_call": null, "usage": {"prompt_tokens": 167, "completion_tokens": 6, "total_tokens": 173, "token_count_source": "tokenizer"}, "decoding": {"temperature": 0.2, "top_p": null, "top_k": null, "max_tokens": 256, "seed": 42}, "prompt_tokens": 167, "completion_tokens": 6, "total_tokens": 173, "token_count_source": "tokenizer", "diffusion_steps": null, "flops_estimate": null, "flops_arch": null, "flops_model_params": null, "flops_active_params": null, "tokens_non_final": 3, "tokens_reasoning": 0, "tokens_response": 3, "elapsed_seconds": 0.21750998497009277, "judgement": "Good approximation"}
{"id": "travel_time_000348", "topic": "travel_time", "subtopic": "drive_time", "prompt": "You need to travel about 215 miles at around 25 mph. About how many hours will it take?", "exact_value": 8.612, "model": "qwen/qwen2.5-3b-instruct", "provider": "transformers", "response": "Final answer: 9", "numeric_answer": 9.0, "relative_error": 0.04505341384115187, "thinking_text": null, "has_tool_call": false, "tool_call": null, "usage": {"prompt_tokens": 167, "completion_tokens": 6, "total_tokens": 173, "token_count_source": "tokenizer"}, "decoding": {"temperature": 0.2, "top_p": null, "top_k": null, "max_tokens": 256, "seed": 42}, "prompt_tokens": 167, "completion_tokens": 6, "total_tokens": 173, "token_count_source": "tokenizer", "diffusion_steps": null, "flops_estimate": null, "flops_arch": null, "flops_model_params": null, "flops_active_params": null, "tokens_non_final": 3, "tokens_reasoning": 0, "tokens_response": 3, "elapsed_seconds": 0.21229791641235352, "judgement": "Good approximation"}
{"id": "travel_time_000368", "topic": "travel_time", "subtopic": "drive_time", "prompt": "You need to travel about 173 miles at around 55 mph. About how many hours will it take?", "exact_value": 3.152727272727273, "model": "qwen/qwen2.5-3b-instruct", "provider": "transformers", "response": "Final answer: 3", "numeric_answer": 3.0, "relative_error": 0.04844290657439449, "thinking_text": null, "has_tool_call": false, "tool_call": null, "usage": {"prompt_tokens": 167, "completion_tokens": 6, "total_tokens": 173, "token_count_source": "tokenizer"}, "decoding": {"temperature": 0.2, "top_p": null, "top_k": null, "max_tokens": 256, "seed": 42}, "prompt_tokens": 167, "completion_tokens": 6, "total_tokens": 173, "token_count_source": "tokenizer", "diffusion_steps": null, "flops_estimate": null, "flops_arch": null, "flops_model_params": null, "flops_active_params": null, "tokens_non_final": 3, "tokens_reasoning": 0, "tokens_response": 3, "elapsed_seconds": 0.21375417709350586, "judgement": "Good approximation"}
{"id": "travel_time_000388", "topic": "travel_time", "subtopic": "drive_time", "prompt": "You need to travel about 73 miles at around 25 mph. About how many hours will it take?", "exact_value": 2.92, "model": "qwen/qwen2.5-3b-instruct", "provider": "transformers", "response": "Final answer: 3", "numeric_answer": 3.0, "relative_error": 0.02739726027397263, "thinking_text": null, "has_tool_call": false, "tool_call": null, "usage": {"prompt_tokens": 166, "completion_tokens": 6, "total_tokens": 172, "token_count_source": "tokenizer"}, "decoding": {"temperature": 0.2, "top_p": null, "top_k": null, "max_tokens": 256, "seed": 42}, "prompt_tokens": 166, "completion_tokens": 6, "total_tokens": 172, "token_count_source": "tokenizer", "diffusion_steps": null, "flops_estimate": null, "flops_arch": null, "flops_model_params": null, "flops_active_params": null, "tokens_non_final": 3, "tokens_reasoning": 0, "tokens_response": 3, "elapsed_seconds": 0.21568799018859863, "judgement": "Good approximation"}
{"id": "travel_time_000408", "topic": "travel_time", "subtopic": "drive_time", "prompt": "You need to travel about 66 miles at around 65 mph. About how many hours will it take?", "exact_value": 1.0215384615384617, "model": "qwen/qwen2.5-3b-instruct", "provider": "transformers", "response": "Final answer: 1", "numeric_answer": 1.0, "relative_error": 0.021084337349397773, "thinking_text": null, "has_tool_call": false, "tool_call": null, "usage": {"prompt_tokens": 166, "completion_tokens": 6, "total_tokens": 172, "token_count_source": "tokenizer"}, "decoding": {"temperature": 0.2, "top_p": null, "top_k": null, "max_tokens": 256, "seed": 42}, "prompt_tokens": 166, "completion_tokens": 6, "total_tokens": 172, "token_count_source": "tokenizer", "diffusion_steps": null, "flops_estimate": null, "flops_arch": null, "flops_model_params": null, "flops_active_params": null, "tokens_non_final": 3, "tokens_reasoning": 0, "tokens_response": 3, "elapsed_seconds": 0.2077932357788086, "judgement": "Good approximation"}
{"id": "travel_time_000428", "topic": "travel_time", "subtopic": "drive_time", "prompt": "You need to travel about 18 miles at around 65 mph. About how many hours will it take?", "exact_value": 0.27999999999999997, "model": "qwen/qwen2.5-3b-instruct", "provider": "transformers", "response": "Final answer: 3", "numeric_answer": 3.0, "relative_error": 9.714285714285715, "thinking_text": null, "has_tool_call": false, "tool_call": null, "usage": {"prompt_tokens": 166, "completion_tokens": 6, "total_tokens": 172, "token_count_source": "tokenizer"}, "decoding": {"temperature": 0.2, "top_p": null, "top_k": null, "max_tokens": 256, "seed": 42}, "prompt_tokens": 166, "completion_tokens": 6, "total_tokens": 172, "token_count_source": "tokenizer", "diffusion_steps": null, "flops_estimate": null, "flops_arch": null, "flops_model_params": null, "flops_active_params": null, "tokens_non_final": 3, "tokens_reasoning": 0, "tokens_response": 3, "elapsed_seconds": 0.21216654777526855, "judgement": "Way off"}
{"id": "travel_time_000448", "topic": "travel_time", "subtopic": "drive_time", "prompt": "You need to travel about 208 miles at around 35 mph. About how many hours will it take?", "exact_value": 5.951428571428572, "model": "qwen/qwen2.5-3b-instruct", "provider": "transformers", "response": "Final answer: 5", "numeric_answer": 5.0, "relative_error": 0.1598655784925589, "thinking_text": null, "has_tool_call": false, "tool_call": null, "usage": {"prompt_tokens": 167, "completion_tokens": 6, "total_tokens": 173, "token_count_source": "tokenizer"}, "decoding": {"temperature": 0.2, "top_p": null, "top_k": null, "max_tokens": 256, "seed": 42}, "prompt_tokens": 167, "completion_tokens": 6, "total_tokens": 173, "token_count_source": "tokenizer", "diffusion_steps": null, "flops_estimate": null, "flops_arch": null, "flops_model_params": null, "flops_active_params": null, "tokens_non_final": 3, "tokens_reasoning": 0, "tokens_response": 3, "elapsed_seconds": 0.21010446548461914, "judgement": "Good approximation"}
{"id": "travel_time_000468", "topic": "travel_time", "subtopic": "drive_time", "prompt": "You need to travel about 49 miles at around 35 mph. About how many hours will it take?", "exact_value": 1.3885714285714286, "model": "qwen/qwen2.5-3b-instruct", "provider": "transformers", "response": "Final answer: 1.6", "numeric_answer": 1.6, "relative_error": 0.15226337448559676, "thinking_text": null, "has_tool_call": false, "tool_call": null, "usage": {"prompt_tokens": 166, "completion_tokens": 8, "total_tokens": 174, "token_count_source": "tokenizer"}, "decoding": {"temperature": 0.2, "top_p": null, "top_k": null, "max_tokens": 256, "seed": 42}, "prompt_tokens": 166, "completion_tokens": 8, "total_tokens": 174, "token_count_source": "tokenizer", "diffusion_steps": null, "flops_estimate": null, "flops_arch": null, "flops_model_params": null, "flops_active_params": null, "tokens_non_final": 3, "tokens_reasoning": 0, "tokens_response": 3, "elapsed_seconds": 0.28008270263671875, "judgement": "Good approximation"}
{"id": "travel_time_000488", "topic": "travel_time", "subtopic": "drive_time", "prompt": "You need to travel about 85 miles at around 55 mph. About how many hours will it take?", "exact_value": 1.5454545454545454, "model": "qwen/qwen2.5-3b-instruct", "provider": "transformers", "response": "Final answer: 1.6", "numeric_answer": 1.6, "relative_error": 0.035294117647058906, "thinking_text": null, "has_tool_call": false, "tool_call": null, "usage": {"prompt_tokens": 166, "completion_tokens": 8, "total_tokens": 174, "token_count_source": "tokenizer"}, "decoding": {"temperature": 0.2, "top_p": null, "top_k": null, "max_tokens": 256, "seed": 42}, "prompt_tokens": 166, "completion_tokens": 8, "total_tokens": 174, "token_count_source": "tokenizer", "diffusion_steps": null, "flops_estimate": null, "flops_arch": null, "flops_model_params": null, "flops_active_params": null, "tokens_non_final": 3, "tokens_reasoning": 0, "tokens_response": 3, "elapsed_seconds": 0.2718007564544678, "judgement": "Good approximation"}
{"id": "travel_time_000508", "topic": "travel_time", "subtopic": "drive_time", "prompt": "You need to travel about 139 miles at around 35 mph. About how many hours will it take?", "exact_value": 3.9800000000000004, "model": "qwen/qwen2.5-3b-instruct", "provider": "transformers", "response": "Final answer: 4", "numeric_answer": 4.0, "relative_error": 0.005025125628140596, "thinking_text": null, "has_tool_call": false, "tool_call": null, "usage": {"prompt_tokens": 167, "completion_tokens": 6, "total_tokens": 173, "token_count_source": "tokenizer"}, "decoding": {"temperature": 0.2, "top_p": null, "top_k": null, "max_tokens": 256, "seed": 42}, "prompt_tokens": 167, "completion_tokens": 6, "total_tokens": 173, "token_count_source": "tokenizer", "diffusion_steps": null, "flops_estimate": null, "flops_arch": null, "flops_model_params": null, "flops_active_params": null, "tokens_non_final": 3, "tokens_reasoning": 0, "tokens_response": 3, "elapsed_seconds": 0.2164440155029297, "judgement": "Good approximation"}
{"id": "travel_time_000528", "topic": "travel_time", "subtopic": "drive_time", "prompt": "You need to travel about 203 miles at around 45 mph. About how many hours will it take?", "exact_value": 4.511111111111111, "model": "qwen/qwen2.5-3b-instruct", "provider": "transformers", "response": "Final answer: 4", "numeric_answer": 4.0, "relative_error": 0.11330049261083742, "thinking_text": null, "has_tool_call": false, "tool_call": null, "usage": {"prompt_tokens": 167, "completion_tokens": 6, "total_tokens": 173, "token_count_source": "tokenizer"}, "decoding": {"temperature": 0.2, "top_p": null, "top_k": null, "max_tokens": 256, "seed": 42}, "prompt_tokens": 167, "completion_tokens": 6, "total_tokens": 173, "token_count_source": "tokenizer", "diffusion_steps": null, "flops_estimate": null, "flops_arch": null, "flops_model_params": null, "flops_active_params": null, "tokens_non_final": 3, "tokens_reasoning": 0, "tokens_response": 3, "elapsed_seconds": 0.20920062065124512, "judgement": "Good approximation"}
{"id": "travel_time_000548", "topic": "travel_time", "subtopic": "drive_time", "prompt": "You need to travel about 71 miles at around 65 mph. About how many hours will it take?", "exact_value": 1.0953846153846154, "model": "qwen/qwen2.5-3b-instruct", "provider": "transformers", "response": "Final answer: 1", "numeric_answer": 1.0, "relative_error": 0.08707865168539328, "thinking_text": null, "has_tool_call": false, "tool_call": null, "usage": {"prompt_tokens": 166, "completion_tokens": 6, "total_tokens": 172, "token_count_source": "tokenizer"}, "decoding": {"temperature": 0.2, "top_p": null, "top_k": null, "max_tokens": 256, "seed": 42}, "prompt_tokens": 166, "completion_tokens": 6, "total_tokens": 172, "token_count_source": "tokenizer", "diffusion_steps": null, "flops_estimate": null, "flops_arch": null, "flops_model_params": null, "flops_active_params": null, "tokens_non_final": 3, "tokens_reasoning": 0, "tokens_response": 3, "elapsed_seconds": 0.206160306930542, "judgement": "Good approximation"}
{"id": "travel_time_000568", "topic": "travel_time", "subtopic": "drive_time", "prompt": "You need to travel about 167 miles at around 45 mph. About how many hours will it take?", "exact_value": 3.7022222222222223, "model": "qwen/qwen2.5-3b-instruct", "provider": "transformers", "response": "Final answer: 3", "numeric_answer": 3.0, "relative_error": 0.18967587034813926, "thinking_text": null, "has_tool_call": false, "tool_call": null, "usage": {"prompt_tokens": 167, "completion_tokens": 6, "total_tokens": 173, "token_count_source": "tokenizer"}, "decoding": {"temperature": 0.2, "top_p": null, "top_k": null, "max_tokens": 256, "seed": 42}, "prompt_tokens": 167, "completion_tokens": 6, "total_tokens": 173, "token_count_source": "tokenizer", "diffusion_steps": null, "flops_estimate": null, "flops_arch": null, "flops_model_params": null, "flops_active_params": null, "tokens_non_final": 3, "tokens_reasoning": 0, "tokens_response": 3, "elapsed_seconds": 0.21271061897277832, "judgement": "Good approximation"}
{"id": "travel_time_000588", "topic": "travel_time", "subtopic": "drive_time", "prompt": "You need to travel about 59 miles at around 25 mph. About how many hours will it take?", "exact_value": 2.344, "model": "qwen/qwen2.5-3b-instruct", "provider": "transformers", "response": "Final answer: 3", "numeric_answer": 3.0, "relative_error": 0.279863481228669, "thinking_text": null, "has_tool_call": false, "tool_call": null, "usage": {"prompt_tokens": 166, "completion_tokens": 6, "total_tokens": 172, "token_count_source": "tokenizer"}, "decoding": {"temperature": 0.2, "top_p": null, "top_k": null, "max_tokens": 256, "seed": 42}, "prompt_tokens": 166, "completion_tokens": 6, "total_tokens": 172, "token_count_source": "tokenizer", "diffusion_steps": null, "flops_estimate": null, "flops_arch": null, "flops_model_params": null, "flops_active_params": null, "tokens_non_final": 3, "tokens_reasoning": 0, "tokens_response": 3, "elapsed_seconds": 0.21250271797180176, "judgement": "Mildly off"}
{"id": "travel_time_000608", "topic": "travel_time", "subtopic": "drive_time", "prompt": "You need to travel about 87 miles at around 25 mph. About how many hours will it take?", "exact_value": 3.468, "model": "qwen/qwen2.5-3b-instruct", "provider": "transformers", "response": "Final answer: 4", "numeric_answer": 4.0, "relative_error": 0.15340253748558247, "thinking_text": null, "has_tool_call": false, "tool_call": null, "usage": {"prompt_tokens": 166, "completion_tokens": 6, "total_tokens": 172, "token_count_source": "tokenizer"}, "decoding": {"temperature": 0.2, "top_p": null, "top_k": null, "max_tokens": 256, "seed": 42}, "prompt_tokens": 166, "completion_tokens": 6, "total_tokens": 172, "token_count_source": "tokenizer", "diffusion_steps": null, "flops_estimate": null, "flops_arch": null, "flops_model_params": null, "flops_active_params": null, "tokens_non_final": 3, "tokens_reasoning": 0, "tokens_response": 3, "elapsed_seconds": 0.2101895809173584, "judgement": "Good approximation"}
{"id": "travel_time_000628", "topic": "travel_time", "subtopic": "drive_time", "prompt": "You need to travel about 236 miles at around 45 mph. About how many hours will it take?", "exact_value": 5.2444444444444445, "model": "qwen/qwen2.5-3b-instruct", "provider": "transformers", "response": "Final answer: 5", "numeric_answer": 5.0, "relative_error": 0.046610169491525424, "thinking_text": null, "has_tool_call": false, "tool_call": null, "usage": {"prompt_tokens": 167, "completion_tokens": 6, "total_tokens": 173, "token_count_source": "tokenizer"}, "decoding": {"temperature": 0.2, "top_p": null, "top_k": null, "max_tokens": 256, "seed": 42}, "prompt_tokens": 167, "completion_tokens": 6, "total_tokens": 173, "token_count_source": "tokenizer", "diffusion_steps": null, "flops_estimate": null, "flops_arch": null, "flops_model_params": null, "flops_active_params": null, "tokens_non_final": 3, "tokens_reasoning": 0, "tokens_response": 3, "elapsed_seconds": 0.20576262474060059, "judgement": "Good approximation"}
{"id": "travel_time_000648", "topic": "travel_time", "subtopic": "drive_time", "prompt": "You need to travel about 202 miles at around 45 mph. About how many hours will it take?", "exact_value": 4.497777777777778, "model": "qwen/qwen2.5-3b-instruct", "provider": "transformers", "response": "Final answer: 4", "numeric_answer": 4.0, "relative_error": 0.11067193675889339, "thinking_text": null, "has_tool_call": false, "tool_call": null, "usage": {"prompt_tokens": 167, "completion_tokens": 6, "total_tokens": 173, "token_count_source": "tokenizer"}, "decoding": {"temperature": 0.2, "top_p": null, "top_k": null, "max_tokens": 256, "seed": 42}, "prompt_tokens": 167, "completion_tokens": 6, "total_tokens": 173, "token_count_source": "tokenizer", "diffusion_steps": null, "flops_estimate": null, "flops_arch": null, "flops_model_params": null, "flops_active_params": null, "tokens_non_final": 3, "tokens_reasoning": 0, "tokens_response": 3, "elapsed_seconds": 0.19971203804016113, "judgement": "Good approximation"}
{"id": "travel_time_000668", "topic": "travel_time", "subtopic": "drive_time", "prompt": "You need to travel about 140 miles at around 25 mph. About how many hours will it take?", "exact_value": 5.6160000000000005, "model": "qwen/qwen2.5-3b-instruct", "provider": "transformers", "response": "Final answer: 6", "numeric_answer": 6.0, "relative_error": 0.06837606837606827, "thinking_text": null, "has_tool_call": false, "tool_call": null, "usage": {"prompt_tokens": 167, "completion_tokens": 6, "total_tokens": 173, "token_count_source": "tokenizer"}, "decoding": {"temperature": 0.2, "top_p": null, "top_k": null, "max_tokens": 256, "seed": 42}, "prompt_tokens": 167, "completion_tokens": 6, "total_tokens": 173, "token_count_source": "tokenizer", "diffusion_steps": null, "flops_estimate": null, "flops_arch": null, "flops_model_params": null, "flops_active_params": null, "tokens_non_final": 3, "tokens_reasoning": 0, "tokens_response": 3, "elapsed_seconds": 0.2014930248260498, "judgement": "Good approximation"}
{"id": "travel_time_000688", "topic": "travel_time", "subtopic": "drive_time", "prompt": "You need to travel about 10 miles at around 65 mph. About how many hours will it take?", "exact_value": 0.1523076923076923, "model": "qwen/qwen2.5-3b-instruct", "provider": "transformers", "response": "Final answer: 1.4", "numeric_answer": 1.4, "relative_error": 8.191919191919192, "thinking_text": null, "has_tool_call": false, "tool_call": null, "usage": {"prompt_tokens": 166, "completion_tokens": 8, "total_tokens": 174, "token_count_source": "tokenizer"}, "decoding": {"temperature": 0.2, "top_p": null, "top_k": null, "max_tokens": 256, "seed": 42}, "prompt_tokens": 166, "completion_tokens": 8, "total_tokens": 174, "token_count_source": "tokenizer", "diffusion_steps": null, "flops_estimate": null, "flops_arch": null, "flops_model_params": null, "flops_active_params": null, "tokens_non_final": 3, "tokens_reasoning": 0, "tokens_response": 3, "elapsed_seconds": 0.2761552333831787, "judgement": "Way off"}
{"id": "travel_time_000708", "topic": "travel_time", "subtopic": "drive_time", "prompt": "You need to travel about 187 miles at around 35 mph. About how many hours will it take?", "exact_value": 5.345714285714285, "model": "qwen/qwen2.5-3b-instruct", "provider": "transformers", "response": "Final answer: 5", "numeric_answer": 5.0, "relative_error": 0.06467129877071076, "thinking_text": null, "has_tool_call": false, "tool_call": null, "usage": {"prompt_tokens": 167, "completion_tokens": 6, "total_tokens": 173, "token_count_source": "tokenizer"}, "decoding": {"temperature": 0.2, "top_p": null, "top_k": null, "max_tokens": 256, "seed": 42}, "prompt_tokens": 167, "completion_tokens": 6, "total_tokens": 173, "token_count_source": "tokenizer", "diffusion_steps": null, "flops_estimate": null, "flops_arch": null, "flops_model_params": null, "flops_active_params": null, "tokens_non_final": 3, "tokens_reasoning": 0, "tokens_response": 3, "elapsed_seconds": 0.22462081909179688, "judgement": "Good approximation"}
{"id": "travel_time_000728", "topic": "travel_time", "subtopic": "drive_time", "prompt": "You need to travel about 85 miles at around 35 mph. About how many hours will it take?", "exact_value": 2.42, "model": "qwen/qwen2.5-3b-instruct", "provider": "transformers", "response": "Final answer: 2", "numeric_answer": 2.0, "relative_error": 0.17355371900826444, "thinking_text": null, "has_tool_call": false, "tool_call": null, "usage": {"prompt_tokens": 166, "completion_tokens": 6, "total_tokens": 172, "token_count_source": "tokenizer"}, "decoding": {"temperature": 0.2, "top_p": null, "top_k": null, "max_tokens": 256, "seed": 42}, "prompt_tokens": 166, "completion_tokens": 6, "total_tokens": 172, "token_count_source": "tokenizer", "diffusion_steps": null, "flops_estimate": null, "flops_arch": null, "flops_model_params": null, "flops_active_params": null, "tokens_non_final": 3, "tokens_reasoning": 0, "tokens_response": 3, "elapsed_seconds": 0.21066856384277344, "judgement": "Good approximation"}
{"id": "travel_time_000748", "topic": "travel_time", "subtopic": "drive_time", "prompt": "You need to travel about 45 miles at around 55 mph. About how many hours will it take?", "exact_value": 0.8200000000000001, "model": "qwen/qwen2.5-3b-instruct", "provider": "transformers", "response": "Final answer: 0.8", "numeric_answer": 0.8, "relative_error": 0.024390243902439043, "thinking_text": null, "has_tool_call": false, "tool_call": null, "usage": {"prompt_tokens": 166, "completion_tokens": 8, "total_tokens": 174, "token_count_source": "tokenizer"}, "decoding": {"temperature": 0.2, "top_p": null, "top_k": null, "max_tokens": 256, "seed": 42}, "prompt_tokens": 166, "completion_tokens": 8, "total_tokens": 174, "token_count_source": "tokenizer", "diffusion_steps": null, "flops_estimate": null, "flops_arch": null, "flops_model_params": null, "flops_active_params": null, "tokens_non_final": 3, "tokens_reasoning": 0, "tokens_response": 3, "elapsed_seconds": 0.2900857925415039, "judgement": "Good approximation"}
{"id": "travel_time_000768", "topic": "travel_time", "subtopic": "drive_time", "prompt": "You need to travel about 174 miles at around 55 mph. About how many hours will it take?", "exact_value": 3.1563636363636363, "model": "qwen/qwen2.5-3b-instruct", "provider": "transformers", "response": "Final answer: 3", "numeric_answer": 3.0, "relative_error": 0.04953917050691241, "thinking_text": null, "has_tool_call": false, "tool_call": null, "usage": {"prompt_tokens": 167, "completion_tokens": 6, "total_tokens": 173, "token_count_source": "tokenizer"}, "decoding": {"temperature": 0.2, "top_p": null, "top_k": null, "max_tokens": 256, "seed": 42}, "prompt_tokens": 167, "completion_tokens": 6, "total_tokens": 173, "token_count_source": "tokenizer", "diffusion_steps": null, "flops_estimate": null, "flops_arch": null, "flops_model_params": null, "flops_active_params": null, "tokens_non_final": 3, "tokens_reasoning": 0, "tokens_response": 3, "elapsed_seconds": 0.20604777336120605, "judgement": "Good approximation"}
{"id": "travel_time_000788", "topic": "travel_time", "subtopic": "drive_time", "prompt": "You need to travel about 88 miles at around 65 mph. About how many hours will it take?", "exact_value": 1.3507692307692307, "model": "qwen/qwen2.5-3b-instruct", "provider": "transformers", "response": "Final answer: 1.4", "numeric_answer": 1.4, "relative_error": 0.03644646924829154, "thinking_text": null, "has_tool_call": false, "tool_call": null, "usage": {"prompt_tokens": 166, "completion_tokens": 8, "total_tokens": 174, "token_count_source": "tokenizer"}, "decoding": {"temperature": 0.2, "top_p": null, "top_k": null, "max_tokens": 256, "seed": 42}, "prompt_tokens": 166, "completion_tokens": 8, "total_tokens": 174, "token_count_source": "tokenizer", "diffusion_steps": null, "flops_estimate": null, "flops_arch": null, "flops_model_params": null, "flops_active_params": null, "tokens_non_final": 3, "tokens_reasoning": 0, "tokens_response": 3, "elapsed_seconds": 0.2774083614349365, "judgement": "Good approximation"}
{"id": "travel_time_000808", "topic": "travel_time", "subtopic": "drive_time", "prompt": "You need to travel about 224 miles at around 35 mph. About how many hours will it take?", "exact_value": 6.402857142857143, "model": "qwen/qwen2.5-3b-instruct", "provider": "transformers", "response": "Final answer: 6", "numeric_answer": 6.0, "relative_error": 0.06291834002677378, "thinking_text": null, "has_tool_call": false, "tool_call": null, "usage": {"prompt_tokens": 167, "completion_tokens": 6, "total_tokens": 173, "token_count_source": "tokenizer"}, "decoding": {"temperature": 0.2, "top_p": null, "top_k": null, "max_tokens": 256, "seed": 42}, "prompt_tokens": 167, "completion_tokens": 6, "total_tokens": 173, "token_count_source": "tokenizer", "diffusion_steps": null, "flops_estimate": null, "flops_arch": null, "flops_model_params": null, "flops_active_params": null, "tokens_non_final": 3, "tokens_reasoning": 0, "tokens_response": 3, "elapsed_seconds": 0.20842289924621582, "judgement": "Good approximation"}
{"id": "travel_time_000828", "topic": "travel_time", "subtopic": "drive_time", "prompt": "You need to travel about 153 miles at around 45 mph. About how many hours will it take?", "exact_value": 3.391111111111111, "model": "qwen/qwen2.5-3b-instruct", "provider": "transformers", "response": "Final answer: 3", "numeric_answer": 3.0, "relative_error": 0.1153342070773263, "thinking_text": null, "has_tool_call": false, "tool_call": null, "usage": {"prompt_tokens": 167, "completion_tokens": 6, "total_tokens": 173, "token_count_source": "tokenizer"}, "decoding": {"temperature": 0.2, "top_p": null, "top_k": null, "max_tokens": 256, "seed": 42}, "prompt_tokens": 167, "completion_tokens": 6, "total_tokens": 173, "token_count_source": "tokenizer", "diffusion_steps": null, "flops_estimate": null, "flops_arch": null, "flops_model_params": null, "flops_active_params": null, "tokens_non_final": 3, "tokens_reasoning": 0, "tokens_response": 3, "elapsed_seconds": 0.2132258415222168, "judgement": "Good approximation"}
{"id": "travel_time_000848", "topic": "travel_time", "subtopic": "drive_time", "prompt": "You need to travel about 192 miles at around 25 mph. About how many hours will it take?", "exact_value": 7.7, "model": "qwen/qwen2.5-3b-instruct", "provider": "transformers", "response": "Final answer: 8", "numeric_answer": 8.0, "relative_error": 0.03896103896103894, "thinking_text": null, "has_tool_call": false, "tool_call": null, "usage": {"prompt_tokens": 167, "completion_tokens": 6, "total_tokens": 173, "token_count_source": "tokenizer"}, "decoding": {"temperature": 0.2, "top_p": null, "top_k": null, "max_tokens": 256, "seed": 42}, "prompt_tokens": 167, "completion_tokens": 6, "total_tokens": 173, "token_count_source": "tokenizer", "diffusion_steps": null, "flops_estimate": null, "flops_arch": null, "flops_model_params": null, "flops_active_params": null, "tokens_non_final": 3, "tokens_reasoning": 0, "tokens_response": 3, "elapsed_seconds": 0.21090340614318848, "judgement": "Good approximation"}
{"id": "travel_time_000868", "topic": "travel_time", "subtopic": "drive_time", "prompt": "You need to travel about 145 miles at around 25 mph. About how many hours will it take?", "exact_value": 5.792000000000001, "model": "qwen/qwen2.5-3b-instruct", "provider": "transformers", "response": "Final answer: 6", "numeric_answer": 6.0, "relative_error": 0.035911602209944625, "thinking_text": null, "has_tool_call": false, "tool_call": null, "usage": {"prompt_tokens": 167, "completion_tokens": 6, "total_tokens": 173, "token_count_source": "tokenizer"}, "decoding": {"temperature": 0.2, "top_p": null, "top_k": null, "max_tokens": 256, "seed": 42}, "prompt_tokens": 167, "completion_tokens": 6, "total_tokens": 173, "token_count_source": "tokenizer", "diffusion_steps": null, "flops_estimate": null, "flops_arch": null, "flops_model_params": null, "flops_active_params": null, "tokens_non_final": 3, "tokens_reasoning": 0, "tokens_response": 3, "elapsed_seconds": 0.2150437831878662, "judgement": "Good approximation"}
{"id": "travel_time_000888", "topic": "travel_time", "subtopic": "drive_time", "prompt": "You need to travel about 231 miles at around 45 mph. About how many hours will it take?", "exact_value": 5.1288888888888895, "model": "qwen/qwen2.5-3b-instruct", "provider": "transformers", "response": "Final answer: 5", "numeric_answer": 5.0, "relative_error": 0.025129982668977584, "thinking_text": null, "has_tool_call": false, "tool_call": null, "usage": {"prompt_tokens": 167, "completion_tokens": 6, "total_tokens": 173, "token_count_source": "tokenizer"}, "decoding": {"temperature": 0.2, "top_p": null, "top_k": null, "max_tokens": 256, "seed": 42}, "prompt_tokens": 167, "completion_tokens": 6, "total_tokens": 173, "token_count_source": "tokenizer", "diffusion_steps": null, "flops_estimate": null, "flops_arch": null, "flops_model_params": null, "flops_active_params": null, "tokens_non_final": 3, "tokens_reasoning": 0, "tokens_response": 3, "elapsed_seconds": 0.2084512710571289, "judgement": "Good approximation"}
{"id": "travel_time_000908", "topic": "travel_time", "subtopic": "drive_time", "prompt": "You need to travel about 116 miles at around 55 mph. About how many hours will it take?", "exact_value": 2.1163636363636367, "model": "qwen/qwen2.5-3b-instruct", "provider": "transformers", "response": "Final answer: 2", "numeric_answer": 2.0, "relative_error": 0.054982817869415945, "thinking_text": null, "has_tool_call": false, "tool_call": null, "usage": {"prompt_tokens": 167, "completion_tokens": 6, "total_tokens": 173, "token_count_source": "tokenizer"}, "decoding": {"temperature": 0.2, "top_p": null, "top_k": null, "max_tokens": 256, "seed": 42}, "prompt_tokens": 167, "completion_tokens": 6, "total_tokens": 173, "token_count_source": "tokenizer", "diffusion_steps": null, "flops_estimate": null, "flops_arch": null, "flops_model_params": null, "flops_active_params": null, "tokens_non_final": 3, "tokens_reasoning": 0, "tokens_response": 3, "elapsed_seconds": 0.2116086483001709, "judgement": "Good approximation"}
{"id": "travel_time_000928", "topic": "travel_time", "subtopic": "drive_time", "prompt": "You need to travel about 63 miles at around 55 mph. About how many hours will it take?", "exact_value": 1.1454545454545455, "model": "qwen/qwen2.5-3b-instruct", "provider": "transformers", "response": "Final answer: 1", "numeric_answer": 1.0, "relative_error": 0.12698412698412703, "thinking_text": null, "has_tool_call": false, "tool_call": null, "usage": {"prompt_tokens": 166, "completion_tokens": 6, "total_tokens": 172, "token_count_source": "tokenizer"}, "decoding": {"temperature": 0.2, "top_p": null, "top_k": null, "max_tokens": 256, "seed": 42}, "prompt_tokens": 166, "completion_tokens": 6, "total_tokens": 172, "token_count_source": "tokenizer", "diffusion_steps": null, "flops_estimate": null, "flops_arch": null, "flops_model_params": null, "flops_active_params": null, "tokens_non_final": 3, "tokens_reasoning": 0, "tokens_response": 3, "elapsed_seconds": 0.212890625, "judgement": "Good approximation"}
{"id": "travel_time_000948", "topic": "travel_time", "subtopic": "drive_time", "prompt": "You need to travel about 186 miles at around 65 mph. About how many hours will it take?", "exact_value": 2.8584615384615386, "model": "qwen/qwen2.5-3b-instruct", "provider": "transformers", "response": "Final answer: 3", "numeric_answer": 3.0, "relative_error": 0.04951560818083956, "thinking_text": null, "has_tool_call": false, "tool_call": null, "usage": {"prompt_tokens": 167, "completion_tokens": 6, "total_tokens": 173, "token_count_source": "tokenizer"}, "decoding": {"temperature": 0.2, "top_p": null, "top_k": null, "max_tokens": 256, "seed": 42}, "prompt_tokens": 167, "completion_tokens": 6, "total_tokens": 173, "token_count_source": "tokenizer", "diffusion_steps": null, "flops_estimate": null, "flops_arch": null, "flops_model_params": null, "flops_active_params": null, "tokens_non_final": 3, "tokens_reasoning": 0, "tokens_response": 3, "elapsed_seconds": 0.20974421501159668, "judgement": "Good approximation"}
{"id": "travel_time_000968", "topic": "travel_time", "subtopic": "drive_time", "prompt": "You need to travel about 108 miles at around 55 mph. About how many hours will it take?", "exact_value": 1.9672727272727273, "model": "qwen/qwen2.5-3b-instruct", "provider": "transformers", "response": "Final answer: 2", "numeric_answer": 2.0, "relative_error": 0.016635859519408498, "thinking_text": null, "has_tool_call": false, "tool_call": null, "usage": {"prompt_tokens": 167, "completion_tokens": 6, "total_tokens": 173, "token_count_source": "tokenizer"}, "decoding": {"temperature": 0.2, "top_p": null, "top_k": null, "max_tokens": 256, "seed": 42}, "prompt_tokens": 167, "completion_tokens": 6, "total_tokens": 173, "token_count_source": "tokenizer", "diffusion_steps": null, "flops_estimate": null, "flops_arch": null, "flops_model_params": null, "flops_active_params": null, "tokens_non_final": 3, "tokens_reasoning": 0, "tokens_response": 3, "elapsed_seconds": 0.2046041488647461, "judgement": "Good approximation"}
{"id": "travel_time_000988", "topic": "travel_time", "subtopic": "drive_time", "prompt": "You need to travel about 156 miles at around 55 mph. About how many hours will it take?", "exact_value": 2.838181818181818, "model": "qwen/qwen2.5-3b-instruct", "provider": "transformers", "response": "Final answer: 3", "numeric_answer": 3.0, "relative_error": 0.05701473414477909, "thinking_text": null, "has_tool_call": false, "tool_call": null, "usage": {"prompt_tokens": 167, "completion_tokens": 6, "total_tokens": 173, "token_count_source": "tokenizer"}, "decoding": {"temperature": 0.2, "top_p": null, "top_k": null, "max_tokens": 256, "seed": 42}, "prompt_tokens": 167, "completion_tokens": 6, "total_tokens": 173, "token_count_source": "tokenizer", "diffusion_steps": null, "flops_estimate": null, "flops_arch": null, "flops_model_params": null, "flops_active_params": null, "tokens_non_final": 3, "tokens_reasoning": 0, "tokens_response": 3, "elapsed_seconds": 0.196305513381958, "judgement": "Good approximation"}
{"id": "travel_time_001008", "topic": "travel_time", "subtopic": "drive_time", "prompt": "You need to travel about 74 miles at around 25 mph. About how many hours will it take?", "exact_value": 2.948, "model": "qwen/qwen2.5-3b-instruct", "provider": "transformers", "response": "Final answer: 3", "numeric_answer": 3.0, "relative_error": 0.017639077340569895, "thinking_text": null, "has_tool_call": false, "tool_call": null, "usage": {"prompt_tokens": 166, "completion_tokens": 6, "total_tokens": 172, "token_count_source": "tokenizer"}, "decoding": {"temperature": 0.2, "top_p": null, "top_k": null, "max_tokens": 256, "seed": 42}, "prompt_tokens": 166, "completion_tokens": 6, "total_tokens": 172, "token_count_source": "tokenizer", "diffusion_steps": null, "flops_estimate": null, "flops_arch": null, "flops_model_params": null, "flops_active_params": null, "tokens_non_final": 3, "tokens_reasoning": 0, "tokens_response": 3, "elapsed_seconds": 0.21131396293640137, "judgement": "Good approximation"}
{"id": "travel_time_001028", "topic": "travel_time", "subtopic": "drive_time", "prompt": "You need to travel about 51 miles at around 55 mph. About how many hours will it take?", "exact_value": 0.9309090909090909, "model": "qwen/qwen2.5-3b-instruct", "provider": "transformers", "response": "Final answer: 1", "numeric_answer": 1.0, "relative_error": 0.07421875, "thinking_text": null, "has_tool_call": false, "tool_call": null, "usage": {"prompt_tokens": 166, "completion_tokens": 6, "total_tokens": 172, "token_count_source": "tokenizer"}, "decoding": {"temperature": 0.2, "top_p": null, "top_k": null, "max_tokens": 256, "seed": 42}, "prompt_tokens": 166, "completion_tokens": 6, "total_tokens": 172, "token_count_source": "tokenizer", "diffusion_steps": null, "flops_estimate": null, "flops_arch": null, "flops_model_params": null, "flops_active_params": null, "tokens_non_final": 3, "tokens_reasoning": 0, "tokens_response": 3, "elapsed_seconds": 0.2091231346130371, "judgement": "Good approximation"}
{"id": "travel_time_001048", "topic": "travel_time", "subtopic": "drive_time", "prompt": "You need to travel about 216 miles at around 35 mph. About how many hours will it take?", "exact_value": 6.180000000000001, "model": "qwen/qwen2.5-3b-instruct", "provider": "transformers", "response": "Final answer: 6", "numeric_answer": 6.0, "relative_error": 0.029126213592233104, "thinking_text": null, "has_tool_call": false, "tool_call": null, "usage": {"prompt_tokens": 167, "completion_tokens": 6, "total_tokens": 173, "token_count_source": "tokenizer"}, "decoding": {"temperature": 0.2, "top_p": null, "top_k": null, "max_tokens": 256, "seed": 42}, "prompt_tokens": 167, "completion_tokens": 6, "total_tokens": 173, "token_count_source": "tokenizer", "diffusion_steps": null, "flops_estimate": null, "flops_arch": null, "flops_model_params": null, "flops_active_params": null, "tokens_non_final": 3, "tokens_reasoning": 0, "tokens_response": 3, "elapsed_seconds": 0.2039175033569336, "judgement": "Good approximation"}
{"id": "travel_time_001068", "topic": "travel_time", "subtopic": "drive_time", "prompt": "You need to travel about 183 miles at around 25 mph. About how many hours will it take?", "exact_value": 7.308, "model": "qwen/qwen2.5-3b-instruct", "provider": "transformers", "response": "Final answer: 8", "numeric_answer": 8.0, "relative_error": 0.09469074986316368, "thinking_text": null, "has_tool_call": false, "tool_call": null, "usage": {"prompt_tokens": 167, "completion_tokens": 6, "total_tokens": 173, "token_count_source": "tokenizer"}, "decoding": {"temperature": 0.2, "top_p": null, "top_k": null, "max_tokens": 256, "seed": 42}, "prompt_tokens": 167, "completion_tokens": 6, "total_tokens": 173, "token_count_source": "tokenizer", "diffusion_steps": null, "flops_estimate": null, "flops_arch": null, "flops_model_params": null, "flops_active_params": null, "tokens_non_final": 3, "tokens_reasoning": 0, "tokens_response": 3, "elapsed_seconds": 0.21117019653320312, "judgement": "Good approximation"}
{"id": "physics_estimate_000112", "topic": "physics_estimate", "subtopic": "fill_rate", "prompt": "A faucet fills 40 liters at about 6 liters per minute. About how many minutes does it take?", "exact_value": 6.666666666666667, "model": "qwen/qwen2.5-3b-instruct", "provider": "transformers", "response": "Final answer: 8", "numeric_answer": 8.0, "relative_error": 0.19999999999999996, "thinking_text": null, "has_tool_call": false, "tool_call": null, "usage": {"prompt_tokens": 165, "completion_tokens": 6, "total_tokens": 171, "token_count_source": "tokenizer"}, "decoding": {"temperature": 0.2, "top_p": null, "top_k": null, "max_tokens": 256, "seed": 42}, "prompt_tokens": 165, "completion_tokens": 6, "total_tokens": 171, "token_count_source": "tokenizer", "diffusion_steps": null, "flops_estimate": null, "flops_arch": null, "flops_model_params": null, "flops_active_params": null, "tokens_non_final": 3, "tokens_reasoning": 0, "tokens_response": 3, "elapsed_seconds": 0.20933079719543457, "judgement": "Good approximation"}
{"id": "physics_estimate_000132", "topic": "physics_estimate", "subtopic": "fill_rate", "prompt": "A faucet fills 10 liters at about 6 liters per minute. About how many minutes does it take?", "exact_value": 1.6666666666666667, "model": "qwen/qwen2.5-3b-instruct", "provider": "transformers", "response": "Final answer: 2", "numeric_answer": 2.0, "relative_error": 0.19999999999999996, "thinking_text": null, "has_tool_call": false, "tool_call": null, "usage": {"prompt_tokens": 165, "completion_tokens": 6, "total_tokens": 171, "token_count_source": "tokenizer"}, "decoding": {"temperature": 0.2, "top_p": null, "top_k": null, "max_tokens": 256, "seed": 42}, "prompt_tokens": 165, "completion_tokens": 6, "total_tokens": 171, "token_count_source": "tokenizer", "diffusion_steps": null, "flops_estimate": null, "flops_arch": null, "flops_model_params": null, "flops_active_params": null, "tokens_non_final": 3, "tokens_reasoning": 0, "tokens_response": 3, "elapsed_seconds": 0.20874428749084473, "judgement": "Good approximation"}
{"id": "physics_estimate_000152", "topic": "physics_estimate", "subtopic": "fill_rate", "prompt": "A faucet fills 10 liters at about 7 liters per minute. About how many minutes does it take?", "exact_value": 1.4285714285714286, "model": "qwen/qwen2.5-3b-instruct", "provider": "transformers", "response": "Final answer: 2", "numeric_answer": 2.0, "relative_error": 0.39999999999999997, "thinking_text": null, "has_tool_call": false, "tool_call": null, "usage": {"prompt_tokens": 165, "completion_tokens": 6, "total_tokens": 171, "token_count_source": "tokenizer"}, "decoding": {"temperature": 0.2, "top_p": null, "top_k": null, "max_tokens": 256, "seed": 42}, "prompt_tokens": 165, "completion_tokens": 6, "total_tokens": 171, "token_count_source": "tokenizer", "diffusion_steps": null, "flops_estimate": null, "flops_arch": null, "flops_model_params": null, "flops_active_params": null, "tokens_non_final": 3, "tokens_reasoning": 0, "tokens_response": 3, "elapsed_seconds": 0.19960618019104004, "judgement": "Mildly off"}
{"id": "physics_estimate_000172", "topic": "physics_estimate", "subtopic": "fill_rate", "prompt": "A faucet fills 15 liters at about 6 liters per minute. About how many minutes does it take?", "exact_value": 2.5, "model": "qwen/qwen2.5-3b-instruct", "provider": "transformers", "response": "Final answer: 2", "numeric_answer": 2.0, "relative_error": 0.2, "thinking_text": null, "has_tool_call": false, "tool_call": null, "usage": {"prompt_tokens": 165, "completion_tokens": 6, "total_tokens": 171, "token_count_source": "tokenizer"}, "decoding": {"temperature": 0.2, "top_p": null, "top_k": null, "max_tokens": 256, "seed": 42}, "prompt_tokens": 165, "completion_tokens": 6, "total_tokens": 171, "token_count_source": "tokenizer", "diffusion_steps": null, "flops_estimate": null, "flops_arch": null, "flops_model_params": null, "flops_active_params": null, "tokens_non_final": 3, "tokens_reasoning": 0, "tokens_response": 3, "elapsed_seconds": 0.20932292938232422, "judgement": "Good approximation"}
{"id": "physics_estimate_000192", "topic": "physics_estimate", "subtopic": "fill_rate", "prompt": "A faucet fills 15 liters at about 8 liters per minute. About how many minutes does it take?", "exact_value": 1.875, "model": "qwen/qwen2.5-3b-instruct", "provider": "transformers", "response": "Final answer: 2", "numeric_answer": 2.0, "relative_error": 0.06666666666666667, "thinking_text": null, "has_tool_call": false, "tool_call": null, "usage": {"prompt_tokens": 165, "completion_tokens": 6, "total_tokens": 171, "token_count_source": "tokenizer"}, "decoding": {"temperature": 0.2, "top_p": null, "top_k": null, "max_tokens": 256, "seed": 42}, "prompt_tokens": 165, "completion_tokens": 6, "total_tokens": 171, "token_count_source": "tokenizer", "diffusion_steps": null, "flops_estimate": null, "flops_arch": null, "flops_model_params": null, "flops_active_params": null, "tokens_non_final": 3, "tokens_reasoning": 0, "tokens_response": 3, "elapsed_seconds": 0.20554709434509277, "judgement": "Good approximation"}
{"id": "physics_estimate_000212", "topic": "physics_estimate", "subtopic": "fill_rate", "prompt": "A faucet fills 50 liters at about 6 liters per minute. About how many minutes does it take?", "exact_value": 8.333333333333334, "model": "qwen/qwen2.5-3b-instruct", "provider": "transformers", "response": "Final answer: 10", "numeric_answer": 10.0, "relative_error": 0.19999999999999993, "thinking_text": null, "has_tool_call": false, "tool_call": null, "usage": {"prompt_tokens": 165, "completion_tokens": 7, "total_tokens": 172, "token_count_source": "tokenizer"}, "decoding": {"temperature": 0.2, "top_p": null, "top_k": null, "max_tokens": 256, "seed": 42}, "prompt_tokens": 165, "completion_tokens": 7, "total_tokens": 172, "token_count_source": "tokenizer", "diffusion_steps": null, "flops_estimate": null, "flops_arch": null, "flops_model_params": null, "flops_active_params": null, "tokens_non_final": 3, "tokens_reasoning": 0, "tokens_response": 3, "elapsed_seconds": 0.22959542274475098, "judgement": "Good approximation"}
{"id": "physics_estimate_000232", "topic": "physics_estimate", "subtopic": "fill_rate", "prompt": "A faucet fills 20 liters at about 4 liters per minute. About how many minutes does it take?", "exact_value": 5.0, "model": "qwen/qwen2.5-3b-instruct", "provider": "transformers", "response": "Final answer: 5", "numeric_answer": 5.0, "relative_error": 0.0, "thinking_text": null, "has_tool_call": false, "tool_call": null, "usage": {"prompt_tokens": 165, "completion_tokens": 6, "total_tokens": 171, "token_count_source": "tokenizer"}, "decoding": {"temperature": 0.2, "top_p": null, "top_k": null, "max_tokens": 256, "seed": 42}, "prompt_tokens": 165, "completion_tokens": 6, "total_tokens": 171, "token_count_source": "tokenizer", "diffusion_steps": null, "flops_estimate": null, "flops_arch": null, "flops_model_params": null, "flops_active_params": null, "tokens_non_final": 3, "tokens_reasoning": 0, "tokens_response": 3, "elapsed_seconds": 0.20696663856506348, "judgement": "Exact math"}
{"id": "physics_estimate_000252", "topic": "physics_estimate", "subtopic": "fill_rate", "prompt": "A faucet fills 30 liters at about 5 liters per minute. About how many minutes does it take?", "exact_value": 6.0, "model": "qwen/qwen2.5-3b-instruct", "provider": "transformers", "response": "Final answer: 6", "numeric_answer": 6.0, "relative_error": 0.0, "thinking_text": null, "has_tool_call": false, "tool_call": null, "usage": {"prompt_tokens": 165, "completion_tokens": 6, "total_tokens": 171, "token_count_source": "tokenizer"}, "decoding": {"temperature": 0.2, "top_p": null, "top_k": null, "max_tokens": 256, "seed": 42}, "prompt_tokens": 165, "completion_tokens": 6, "total_tokens": 171, "token_count_source": "tokenizer", "diffusion_steps": null, "flops_estimate": null, "flops_arch": null, "flops_model_params": null, "flops_active_params": null, "tokens_non_final": 3, "tokens_reasoning": 0, "tokens_response": 3, "elapsed_seconds": 0.20821499824523926, "judgement": "Exact math"}
{"id": "physics_estimate_000272", "topic": "physics_estimate", "subtopic": "fill_rate", "prompt": "A faucet fills 50 liters at about 6 liters per minute. About how many minutes does it take?", "exact_value": 8.333333333333334, "model": "qwen/qwen2.5-3b-instruct", "provider": "transformers", "response": "Final answer: 10", "numeric_answer": 10.0, "relative_error": 0.19999999999999993, "thinking_text": null, "has_tool_call": false, "tool_call": null, "usage": {"prompt_tokens": 165, "completion_tokens": 7, "total_tokens": 172, "token_count_source": "tokenizer"}, "decoding": {"temperature": 0.2, "top_p": null, "top_k": null, "max_tokens": 256, "seed": 42}, "prompt_tokens": 165, "completion_tokens": 7, "total_tokens": 172, "token_count_source": "tokenizer", "diffusion_steps": null, "flops_estimate": null, "flops_arch": null, "flops_model_params": null, "flops_active_params": null, "tokens_non_final": 3, "tokens_reasoning": 0, "tokens_response": 3, "elapsed_seconds": 0.23283743858337402, "judgement": "Good approximation"}
{"id": "physics_estimate_000292", "topic": "physics_estimate", "subtopic": "fill_rate", "prompt": "A faucet fills 20 liters at about 4 liters per minute. About how many minutes does it take?", "exact_value": 5.0, "model": "qwen/qwen2.5-3b-instruct", "provider": "transformers", "response": "Final answer: 5", "numeric_answer": 5.0, "relative_error": 0.0, "thinking_text": null, "has_tool_call": false, "tool_call": null, "usage": {"prompt_tokens": 165, "completion_tokens": 6, "total_tokens": 171, "token_count_source": "tokenizer"}, "decoding": {"temperature": 0.2, "top_p": null, "top_k": null, "max_tokens": 256, "seed": 42}, "prompt_tokens": 165, "completion_tokens": 6, "total_tokens": 171, "token_count_source": "tokenizer", "diffusion_steps": null, "flops_estimate": null, "flops_arch": null, "flops_model_params": null, "flops_active_params": null, "tokens_non_final": 3, "tokens_reasoning": 0, "tokens_response": 3, "elapsed_seconds": 0.2051539421081543, "judgement": "Exact math"}
{"id": "physics_estimate_000312", "topic": "physics_estimate", "subtopic": "fill_rate", "prompt": "A faucet fills 15 liters at about 4 liters per minute. About how many minutes does it take?", "exact_value": 3.75, "model": "qwen/qwen2.5-3b-instruct", "provider": "transformers", "response": "Final answer: 4", "numeric_answer": 4.0, "relative_error": 0.06666666666666667, "thinking_text": null, "has_tool_call": false, "tool_call": null, "usage": {"prompt_tokens": 165, "completion_tokens": 6, "total_tokens": 171, "token_count_source": "tokenizer"}, "decoding": {"temperature": 0.2, "top_p": null, "top_k": null, "max_tokens": 256, "seed": 42}, "prompt_tokens": 165, "completion_tokens": 6, "total_tokens": 171, "token_count_source": "tokenizer", "diffusion_steps": null, "flops_estimate": null, "flops_arch": null, "flops_model_params": null, "flops_active_params": null, "tokens_non_final": 3, "tokens_reasoning": 0, "tokens_response": 3, "elapsed_seconds": 0.2046833038330078, "judgement": "Good approximation"}
{"id": "physics_estimate_000332", "topic": "physics_estimate", "subtopic": "fill_rate", "prompt": "A faucet fills 15 liters at about 5 liters per minute. About how many minutes does it take?", "exact_value": 3.0, "model": "qwen/qwen2.5-3b-instruct", "provider": "transformers", "response": "Final answer: 3", "numeric_answer": 3.0, "relative_error": 0.0, "thinking_text": null, "has_tool_call": false, "tool_call": null, "usage": {"prompt_tokens": 165, "completion_tokens": 6, "total_tokens": 171, "token_count_source": "tokenizer"}, "decoding": {"temperature": 0.2, "top_p": null, "top_k": null, "max_tokens": 256, "seed": 42}, "prompt_tokens": 165, "completion_tokens": 6, "total_tokens": 171, "token_count_source": "tokenizer", "diffusion_steps": null, "flops_estimate": null, "flops_arch": null, "flops_model_params": null, "flops_active_params": null, "tokens_non_final": 3, "tokens_reasoning": 0, "tokens_response": 3, "elapsed_seconds": 0.19951748847961426, "judgement": "Exact math"}
{"id": "physics_estimate_000352", "topic": "physics_estimate", "subtopic": "fill_rate", "prompt": "A faucet fills 15 liters at about 6 liters per minute. About how many minutes does it take?", "exact_value": 2.5, "model": "qwen/qwen2.5-3b-instruct", "provider": "transformers", "response": "Final answer: 2", "numeric_answer": 2.0, "relative_error": 0.2, "thinking_text": null, "has_tool_call": false, "tool_call": null, "usage": {"prompt_tokens": 165, "completion_tokens": 6, "total_tokens": 171, "token_count_source": "tokenizer"}, "decoding": {"temperature": 0.2, "top_p": null, "top_k": null, "max_tokens": 256, "seed": 42}, "prompt_tokens": 165, "completion_tokens": 6, "total_tokens": 171, "token_count_source": "tokenizer", "diffusion_steps": null, "flops_estimate": null, "flops_arch": null, "flops_model_params": null, "flops_active_params": null, "tokens_non_final": 3, "tokens_reasoning": 0, "tokens_response": 3, "elapsed_seconds": 0.19794082641601562, "judgement": "Good approximation"}
{"id": "physics_estimate_000372", "topic": "physics_estimate", "subtopic": "fill_rate", "prompt": "A faucet fills 50 liters at about 6 liters per minute. About how many minutes does it take?", "exact_value": 8.333333333333334, "model": "qwen/qwen2.5-3b-instruct", "provider": "transformers", "response": "Final answer: 10", "numeric_answer": 10.0, "relative_error": 0.19999999999999993, "thinking_text": null, "has_tool_call": false, "tool_call": null, "usage": {"prompt_tokens": 165, "completion_tokens": 7, "total_tokens": 172, "token_count_source": "tokenizer"}, "decoding": {"temperature": 0.2, "top_p": null, "top_k": null, "max_tokens": 256, "seed": 42}, "prompt_tokens": 165, "completion_tokens": 7, "total_tokens": 172, "token_count_source": "tokenizer", "diffusion_steps": null, "flops_estimate": null, "flops_arch": null, "flops_model_params": null, "flops_active_params": null, "tokens_non_final": 3, "tokens_reasoning": 0, "tokens_response": 3, "elapsed_seconds": 0.24521732330322266, "judgement": "Good approximation"}
{"id": "physics_estimate_000392", "topic": "physics_estimate", "subtopic": "fill_rate", "prompt": "A faucet fills 40 liters at about 7 liters per minute. About how many minutes does it take?", "exact_value": 5.714285714285714, "model": "qwen/qwen2.5-3b-instruct", "provider": "transformers", "response": "Final answer: 8", "numeric_answer": 8.0, "relative_error": 0.39999999999999997, "thinking_text": null, "has_tool_call": false, "tool_call": null, "usage": {"prompt_tokens": 165, "completion_tokens": 6, "total_tokens": 171, "token_count_source": "tokenizer"}, "decoding": {"temperature": 0.2, "top_p": null, "top_k": null, "max_tokens": 256, "seed": 42}, "prompt_tokens": 165, "completion_tokens": 6, "total_tokens": 171, "token_count_source": "tokenizer", "diffusion_steps": null, "flops_estimate": null, "flops_arch": null, "flops_model_params": null, "flops_active_params": null, "tokens_non_final": 3, "tokens_reasoning": 0, "tokens_response": 3, "elapsed_seconds": 0.20604276657104492, "judgement": "Mildly off"}
{"id": "physics_estimate_000412", "topic": "physics_estimate", "subtopic": "fill_rate", "prompt": "A faucet fills 10 liters at about 7 liters per minute. About how many minutes does it take?", "exact_value": 1.4285714285714286, "model": "qwen/qwen2.5-3b-instruct", "provider": "transformers", "response": "Final answer: 2", "numeric_answer": 2.0, "relative_error": 0.39999999999999997, "thinking_text": null, "has_tool_call": false, "tool_call": null, "usage": {"prompt_tokens": 165, "completion_tokens": 6, "total_tokens": 171, "token_count_source": "tokenizer"}, "decoding": {"temperature": 0.2, "top_p": null, "top_k": null, "max_tokens": 256, "seed": 42}, "prompt_tokens": 165, "completion_tokens": 6, "total_tokens": 171, "token_count_source": "tokenizer", "diffusion_steps": null, "flops_estimate": null, "flops_arch": null, "flops_model_params": null, "flops_active_params": null, "tokens_non_final": 3, "tokens_reasoning": 0, "tokens_response": 3, "elapsed_seconds": 0.19493651390075684, "judgement": "Mildly off"}
{"id": "physics_estimate_000432", "topic": "physics_estimate", "subtopic": "fill_rate", "prompt": "A faucet fills 30 liters at about 6 liters per minute. About how many minutes does it take?", "exact_value": 5.0, "model": "qwen/qwen2.5-3b-instruct", "provider": "transformers", "response": "Final answer: 6", "numeric_answer": 6.0, "relative_error": 0.2, "thinking_text": null, "has_tool_call": false, "tool_call": null, "usage": {"prompt_tokens": 165, "completion_tokens": 6, "total_tokens": 171, "token_count_source": "tokenizer"}, "decoding": {"temperature": 0.2, "top_p": null, "top_k": null, "max_tokens": 256, "seed": 42}, "prompt_tokens": 165, "completion_tokens": 6, "total_tokens": 171, "token_count_source": "tokenizer", "diffusion_steps": null, "flops_estimate": null, "flops_arch": null, "flops_model_params": null, "flops_active_params": null, "tokens_non_final": 3, "tokens_reasoning": 0, "tokens_response": 3, "elapsed_seconds": 0.20737743377685547, "judgement": "Good approximation"}
{"id": "physics_estimate_000452", "topic": "physics_estimate", "subtopic": "fill_rate", "prompt": "A faucet fills 10 liters at about 5 liters per minute. About how many minutes does it take?", "exact_value": 2.0, "model": "qwen/qwen2.5-3b-instruct", "provider": "transformers", "response": "Final answer: 2", "numeric_answer": 2.0, "relative_error": 0.0, "thinking_text": null, "has_tool_call": false, "tool_call": null, "usage": {"prompt_tokens": 165, "completion_tokens": 6, "total_tokens": 171, "token_count_source": "tokenizer"}, "decoding": {"temperature": 0.2, "top_p": null, "top_k": null, "max_tokens": 256, "seed": 42}, "prompt_tokens": 165, "completion_tokens": 6, "total_tokens": 171, "token_count_source": "tokenizer", "diffusion_steps": null, "flops_estimate": null, "flops_arch": null, "flops_model_params": null, "flops_active_params": null, "tokens_non_final": 3, "tokens_reasoning": 0, "tokens_response": 3, "elapsed_seconds": 0.20732927322387695, "judgement": "Exact math"}
{"id": "physics_estimate_000472", "topic": "physics_estimate", "subtopic": "fill_rate", "prompt": "A faucet fills 30 liters at about 6 liters per minute. About how many minutes does it take?", "exact_value": 5.0, "model": "qwen/qwen2.5-3b-instruct", "provider": "transformers", "response": "Final answer: 6", "numeric_answer": 6.0, "relative_error": 0.2, "thinking_text": null, "has_tool_call": false, "tool_call": null, "usage": {"prompt_tokens": 165, "completion_tokens": 6, "total_tokens": 171, "token_count_source": "tokenizer"}, "decoding": {"temperature": 0.2, "top_p": null, "top_k": null, "max_tokens": 256, "seed": 42}, "prompt_tokens": 165, "completion_tokens": 6, "total_tokens": 171, "token_count_source": "tokenizer", "diffusion_steps": null, "flops_estimate": null, "flops_arch": null, "flops_model_params": null, "flops_active_params": null, "tokens_non_final": 3, "tokens_reasoning": 0, "tokens_response": 3, "elapsed_seconds": 0.20378565788269043, "judgement": "Good approximation"}
{"id": "physics_estimate_000492", "topic": "physics_estimate", "subtopic": "fill_rate", "prompt": "A faucet fills 30 liters at about 7 liters per minute. About how many minutes does it take?", "exact_value": 4.285714285714286, "model": "qwen/qwen2.5-3b-instruct", "provider": "transformers", "response": "Final answer: 4", "numeric_answer": 4.0, "relative_error": 0.06666666666666664, "thinking_text": null, "has_tool_call": false, "tool_call": null, "usage": {"prompt_tokens": 165, "completion_tokens": 6, "total_tokens": 171, "token_count_source": "tokenizer"}, "decoding": {"temperature": 0.2, "top_p": null, "top_k": null, "max_tokens": 256, "seed": 42}, "prompt_tokens": 165, "completion_tokens": 6, "total_tokens": 171, "token_count_source": "tokenizer", "diffusion_steps": null, "flops_estimate": null, "flops_arch": null, "flops_model_params": null, "flops_active_params": null, "tokens_non_final": 3, "tokens_reasoning": 0, "tokens_response": 3, "elapsed_seconds": 0.21207332611083984, "judgement": "Good approximation"}
{"id": "physics_estimate_000512", "topic": "physics_estimate", "subtopic": "fill_rate", "prompt": "A faucet fills 20 liters at about 8 liters per minute. About how many minutes does it take?", "exact_value": 2.5, "model": "qwen/qwen2.5-3b-instruct", "provider": "transformers", "response": "Final answer: 2", "numeric_answer": 2.0, "relative_error": 0.2, "thinking_text": null, "has_tool_call": false, "tool_call": null, "usage": {"prompt_tokens": 165, "completion_tokens": 6, "total_tokens": 171, "token_count_source": "tokenizer"}, "decoding": {"temperature": 0.2, "top_p": null, "top_k": null, "max_tokens": 256, "seed": 42}, "prompt_tokens": 165, "completion_tokens": 6, "total_tokens": 171, "token_count_source": "tokenizer", "diffusion_steps": null, "flops_estimate": null, "flops_arch": null, "flops_model_params": null, "flops_active_params": null, "tokens_non_final": 3, "tokens_reasoning": 0, "tokens_response": 3, "elapsed_seconds": 0.2067124843597412, "judgement": "Good approximation"}
{"id": "physics_estimate_000532", "topic": "physics_estimate", "subtopic": "fill_rate", "prompt": "A faucet fills 50 liters at about 6 liters per minute. About how many minutes does it take?", "exact_value": 8.333333333333334, "model": "qwen/qwen2.5-3b-instruct", "provider": "transformers", "response": "Final answer: 10", "numeric_answer": 10.0, "relative_error": 0.19999999999999993, "thinking_text": null, "has_tool_call": false, "tool_call": null, "usage": {"prompt_tokens": 165, "completion_tokens": 7, "total_tokens": 172, "token_count_source": "tokenizer"}, "decoding": {"temperature": 0.2, "top_p": null, "top_k": null, "max_tokens": 256, "seed": 42}, "prompt_tokens": 165, "completion_tokens": 7, "total_tokens": 172, "token_count_source": "tokenizer", "diffusion_steps": null, "flops_estimate": null, "flops_arch": null, "flops_model_params": null, "flops_active_params": null, "tokens_non_final": 3, "tokens_reasoning": 0, "tokens_response": 3, "elapsed_seconds": 0.23140263557434082, "judgement": "Good approximation"}
{"id": "physics_estimate_000552", "topic": "physics_estimate", "subtopic": "fill_rate", "prompt": "A faucet fills 40 liters at about 8 liters per minute. About how many minutes does it take?", "exact_value": 5.0, "model": "qwen/qwen2.5-3b-instruct", "provider": "transformers", "response": "Final answer: 2", "numeric_answer": 2.0, "relative_error": 0.6, "thinking_text": null, "has_tool_call": false, "tool_call": null, "usage": {"prompt_tokens": 165, "completion_tokens": 6, "total_tokens": 171, "token_count_source": "tokenizer"}, "decoding": {"temperature": 0.2, "top_p": null, "top_k": null, "max_tokens": 256, "seed": 42}, "prompt_tokens": 165, "completion_tokens": 6, "total_tokens": 171, "token_count_source": "tokenizer", "diffusion_steps": null, "flops_estimate": null, "flops_arch": null, "flops_model_params": null, "flops_active_params": null, "tokens_non_final": 3, "tokens_reasoning": 0, "tokens_response": 3, "elapsed_seconds": 0.20897960662841797, "judgement": "Mildly off"}
{"id": "physics_estimate_000572", "topic": "physics_estimate", "subtopic": "fill_rate", "prompt": "A faucet fills 30 liters at about 8 liters per minute. About how many minutes does it take?", "exact_value": 3.75, "model": "qwen/qwen2.5-3b-instruct", "provider": "transformers", "response": "Final answer: 3", "numeric_answer": 3.0, "relative_error": 0.2, "thinking_text": null, "has_tool_call": false, "tool_call": null, "usage": {"prompt_tokens": 165, "completion_tokens": 6, "total_tokens": 171, "token_count_source": "tokenizer"}, "decoding": {"temperature": 0.2, "top_p": null, "top_k": null, "max_tokens": 256, "seed": 42}, "prompt_tokens": 165, "completion_tokens": 6, "total_tokens": 171, "token_count_source": "tokenizer", "diffusion_steps": null, "flops_estimate": null, "flops_arch": null, "flops_model_params": null, "flops_active_params": null, "tokens_non_final": 3, "tokens_reasoning": 0, "tokens_response": 3, "elapsed_seconds": 0.21070218086242676, "judgement": "Good approximation"}
{"id": "physics_estimate_000592", "topic": "physics_estimate", "subtopic": "fill_rate", "prompt": "A faucet fills 30 liters at about 6 liters per minute. About how many minutes does it take?", "exact_value": 5.0, "model": "qwen/qwen2.5-3b-instruct", "provider": "transformers", "response": "Final answer: 6", "numeric_answer": 6.0, "relative_error": 0.2, "thinking_text": null, "has_tool_call": false, "tool_call": null, "usage": {"prompt_tokens": 165, "completion_tokens": 6, "total_tokens": 171, "token_count_source": "tokenizer"}, "decoding": {"temperature": 0.2, "top_p": null, "top_k": null, "max_tokens": 256, "seed": 42}, "prompt_tokens": 165, "completion_tokens": 6, "total_tokens": 171, "token_count_source": "tokenizer", "diffusion_steps": null, "flops_estimate": null, "flops_arch": null, "flops_model_params": null, "flops_active_params": null, "tokens_non_final": 3, "tokens_reasoning": 0, "tokens_response": 3, "elapsed_seconds": 0.20744848251342773, "judgement": "Good approximation"}
{"id": "physics_estimate_000612", "topic": "physics_estimate", "subtopic": "fill_rate", "prompt": "A faucet fills 20 liters at about 6 liters per minute. About how many minutes does it take?", "exact_value": 3.3333333333333335, "model": "qwen/qwen2.5-3b-instruct", "provider": "transformers", "response": "Final answer: 3", "numeric_answer": 3.0, "relative_error": 0.10000000000000003, "thinking_text": null, "has_tool_call": false, "tool_call": null, "usage": {"prompt_tokens": 165, "completion_tokens": 6, "total_tokens": 171, "token_count_source": "tokenizer"}, "decoding": {"temperature": 0.2, "top_p": null, "top_k": null, "max_tokens": 256, "seed": 42}, "prompt_tokens": 165, "completion_tokens": 6, "total_tokens": 171, "token_count_source": "tokenizer", "diffusion_steps": null, "flops_estimate": null, "flops_arch": null, "flops_model_params": null, "flops_active_params": null, "tokens_non_final": 3, "tokens_reasoning": 0, "tokens_response": 3, "elapsed_seconds": 0.2136998176574707, "judgement": "Good approximation"}
{"id": "physics_estimate_000632", "topic": "physics_estimate", "subtopic": "fill_rate", "prompt": "A faucet fills 10 liters at about 7 liters per minute. About how many minutes does it take?", "exact_value": 1.4285714285714286, "model": "qwen/qwen2.5-3b-instruct", "provider": "transformers", "response": "Final answer: 2", "numeric_answer": 2.0, "relative_error": 0.39999999999999997, "thinking_text": null, "has_tool_call": false, "tool_call": null, "usage": {"prompt_tokens": 165, "completion_tokens": 6, "total_tokens": 171, "token_count_source": "tokenizer"}, "decoding": {"temperature": 0.2, "top_p": null, "top_k": null, "max_tokens": 256, "seed": 42}, "prompt_tokens": 165, "completion_tokens": 6, "total_tokens": 171, "token_count_source": "tokenizer", "diffusion_steps": null, "flops_estimate": null, "flops_arch": null, "flops_model_params": null, "flops_active_params": null, "tokens_non_final": 3, "tokens_reasoning": 0, "tokens_response": 3, "elapsed_seconds": 0.20052838325500488, "judgement": "Mildly off"}
{"id": "physics_estimate_000652", "topic": "physics_estimate", "subtopic": "fill_rate", "prompt": "A faucet fills 30 liters at about 6 liters per minute. About how many minutes does it take?", "exact_value": 5.0, "model": "qwen/qwen2.5-3b-instruct", "provider": "transformers", "response": "Final answer: 6", "numeric_answer": 6.0, "relative_error": 0.2, "thinking_text": null, "has_tool_call": false, "tool_call": null, "usage": {"prompt_tokens": 165, "completion_tokens": 6, "total_tokens": 171, "token_count_source": "tokenizer"}, "decoding": {"temperature": 0.2, "top_p": null, "top_k": null, "max_tokens": 256, "seed": 42}, "prompt_tokens": 165, "completion_tokens": 6, "total_tokens": 171, "token_count_source": "tokenizer", "diffusion_steps": null, "flops_estimate": null, "flops_arch": null, "flops_model_params": null, "flops_active_params": null, "tokens_non_final": 3, "tokens_reasoning": 0, "tokens_response": 3, "elapsed_seconds": 0.21469640731811523, "judgement": "Good approximation"}
{"id": "physics_estimate_000672", "topic": "physics_estimate", "subtopic": "fill_rate", "prompt": "A faucet fills 10 liters at about 7 liters per minute. About how many minutes does it take?", "exact_value": 1.4285714285714286, "model": "qwen/qwen2.5-3b-instruct", "provider": "transformers", "response": "Final answer: 2", "numeric_answer": 2.0, "relative_error": 0.39999999999999997, "thinking_text": null, "has_tool_call": false, "tool_call": null, "usage": {"prompt_tokens": 165, "completion_tokens": 6, "total_tokens": 171, "token_count_source": "tokenizer"}, "decoding": {"temperature": 0.2, "top_p": null, "top_k": null, "max_tokens": 256, "seed": 42}, "prompt_tokens": 165, "completion_tokens": 6, "total_tokens": 171, "token_count_source": "tokenizer", "diffusion_steps": null, "flops_estimate": null, "flops_arch": null, "flops_model_params": null, "flops_active_params": null, "tokens_non_final": 3, "tokens_reasoning": 0, "tokens_response": 3, "elapsed_seconds": 0.19511818885803223, "judgement": "Mildly off"}
{"id": "physics_estimate_000692", "topic": "physics_estimate", "subtopic": "fill_rate", "prompt": "A faucet fills 50 liters at about 6 liters per minute. About how many minutes does it take?", "exact_value": 8.333333333333334, "model": "qwen/qwen2.5-3b-instruct", "provider": "transformers", "response": "Final answer: 10", "numeric_answer": 10.0, "relative_error": 0.19999999999999993, "thinking_text": null, "has_tool_call": false, "tool_call": null, "usage": {"prompt_tokens": 165, "completion_tokens": 7, "total_tokens": 172, "token_count_source": "tokenizer"}, "decoding": {"temperature": 0.2, "top_p": null, "top_k": null, "max_tokens": 256, "seed": 42}, "prompt_tokens": 165, "completion_tokens": 7, "total_tokens": 172, "token_count_source": "tokenizer", "diffusion_steps": null, "flops_estimate": null, "flops_arch": null, "flops_model_params": null, "flops_active_params": null, "tokens_non_final": 3, "tokens_reasoning": 0, "tokens_response": 3, "elapsed_seconds": 0.24469828605651855, "judgement": "Good approximation"}
{"id": "physics_estimate_000712", "topic": "physics_estimate", "subtopic": "fill_rate", "prompt": "A faucet fills 15 liters at about 7 liters per minute. About how many minutes does it take?", "exact_value": 2.142857142857143, "model": "qwen/qwen2.5-3b-instruct", "provider": "transformers", "response": "Final answer: 2", "numeric_answer": 2.0, "relative_error": 0.06666666666666664, "thinking_text": null, "has_tool_call": false, "tool_call": null, "usage": {"prompt_tokens": 165, "completion_tokens": 6, "total_tokens": 171, "token_count_source": "tokenizer"}, "decoding": {"temperature": 0.2, "top_p": null, "top_k": null, "max_tokens": 256, "seed": 42}, "prompt_tokens": 165, "completion_tokens": 6, "total_tokens": 171, "token_count_source": "tokenizer", "diffusion_steps": null, "flops_estimate": null, "flops_arch": null, "flops_model_params": null, "flops_active_params": null, "tokens_non_final": 3, "tokens_reasoning": 0, "tokens_response": 3, "elapsed_seconds": 0.21645379066467285, "judgement": "Good approximation"}
{"id": "physics_estimate_000732", "topic": "physics_estimate", "subtopic": "fill_rate", "prompt": "A faucet fills 30 liters at about 7 liters per minute. About how many minutes does it take?", "exact_value": 4.285714285714286, "model": "qwen/qwen2.5-3b-instruct", "provider": "transformers", "response": "Final answer: 4", "numeric_answer": 4.0, "relative_error": 0.06666666666666664, "thinking_text": null, "has_tool_call": false, "tool_call": null, "usage": {"prompt_tokens": 165, "completion_tokens": 6, "total_tokens": 171, "token_count_source": "tokenizer"}, "decoding": {"temperature": 0.2, "top_p": null, "top_k": null, "max_tokens": 256, "seed": 42}, "prompt_tokens": 165, "completion_tokens": 6, "total_tokens": 171, "token_count_source": "tokenizer", "diffusion_steps": null, "flops_estimate": null, "flops_arch": null, "flops_model_params": null, "flops_active_params": null, "tokens_non_final": 3, "tokens_reasoning": 0, "tokens_response": 3, "elapsed_seconds": 0.21250438690185547, "judgement": "Good approximation"}
{"id": "physics_estimate_000752", "topic": "physics_estimate", "subtopic": "fill_rate", "prompt": "A faucet fills 15 liters at about 7 liters per minute. About how many minutes does it take?", "exact_value": 2.142857142857143, "model": "qwen/qwen2.5-3b-instruct", "provider": "transformers", "response": "Final answer: 2", "numeric_answer": 2.0, "relative_error": 0.06666666666666664, "thinking_text": null, "has_tool_call": false, "tool_call": null, "usage": {"prompt_tokens": 165, "completion_tokens": 6, "total_tokens": 171, "token_count_source": "tokenizer"}, "decoding": {"temperature": 0.2, "top_p": null, "top_k": null, "max_tokens": 256, "seed": 42}, "prompt_tokens": 165, "completion_tokens": 6, "total_tokens": 171, "token_count_source": "tokenizer", "diffusion_steps": null, "flops_estimate": null, "flops_arch": null, "flops_model_params": null, "flops_active_params": null, "tokens_non_final": 3, "tokens_reasoning": 0, "tokens_response": 3, "elapsed_seconds": 0.21320438385009766, "judgement": "Good approximation"}
{"id": "physics_estimate_000772", "topic": "physics_estimate", "subtopic": "fill_rate", "prompt": "A faucet fills 20 liters at about 6 liters per minute. About how many minutes does it take?", "exact_value": 3.3333333333333335, "model": "qwen/qwen2.5-3b-instruct", "provider": "transformers", "response": "Final answer: 3", "numeric_answer": 3.0, "relative_error": 0.10000000000000003, "thinking_text": null, "has_tool_call": false, "tool_call": null, "usage": {"prompt_tokens": 165, "completion_tokens": 6, "total_tokens": 171, "token_count_source": "tokenizer"}, "decoding": {"temperature": 0.2, "top_p": null, "top_k": null, "max_tokens": 256, "seed": 42}, "prompt_tokens": 165, "completion_tokens": 6, "total_tokens": 171, "token_count_source": "tokenizer", "diffusion_steps": null, "flops_estimate": null, "flops_arch": null, "flops_model_params": null, "flops_active_params": null, "tokens_non_final": 3, "tokens_reasoning": 0, "tokens_response": 3, "elapsed_seconds": 0.1996169090270996, "judgement": "Good approximation"}
{"id": "physics_estimate_000792", "topic": "physics_estimate", "subtopic": "fill_rate", "prompt": "A faucet fills 15 liters at about 5 liters per minute. About how many minutes does it take?", "exact_value": 3.0, "model": "qwen/qwen2.5-3b-instruct", "provider": "transformers", "response": "Final answer: 3", "numeric_answer": 3.0, "relative_error": 0.0, "thinking_text": null, "has_tool_call": false, "tool_call": null, "usage": {"prompt_tokens": 165, "completion_tokens": 6, "total_tokens": 171, "token_count_source": "tokenizer"}, "decoding": {"temperature": 0.2, "top_p": null, "top_k": null, "max_tokens": 256, "seed": 42}, "prompt_tokens": 165, "completion_tokens": 6, "total_tokens": 171, "token_count_source": "tokenizer", "diffusion_steps": null, "flops_estimate": null, "flops_arch": null, "flops_model_params": null, "flops_active_params": null, "tokens_non_final": 3, "tokens_reasoning": 0, "tokens_response": 3, "elapsed_seconds": 0.21121001243591309, "judgement": "Exact math"}
{"id": "physics_estimate_000812", "topic": "physics_estimate", "subtopic": "fill_rate", "prompt": "A faucet fills 40 liters at about 7 liters per minute. About how many minutes does it take?", "exact_value": 5.714285714285714, "model": "qwen/qwen2.5-3b-instruct", "provider": "transformers", "response": "Final answer: 8", "numeric_answer": 8.0, "relative_error": 0.39999999999999997, "thinking_text": null, "has_tool_call": false, "tool_call": null, "usage": {"prompt_tokens": 165, "completion_tokens": 6, "total_tokens": 171, "token_count_source": "tokenizer"}, "decoding": {"temperature": 0.2, "top_p": null, "top_k": null, "max_tokens": 256, "seed": 42}, "prompt_tokens": 165, "completion_tokens": 6, "total_tokens": 171, "token_count_source": "tokenizer", "diffusion_steps": null, "flops_estimate": null, "flops_arch": null, "flops_model_params": null, "flops_active_params": null, "tokens_non_final": 3, "tokens_reasoning": 0, "tokens_response": 3, "elapsed_seconds": 0.219404935836792, "judgement": "Mildly off"}
{"id": "physics_estimate_000832", "topic": "physics_estimate", "subtopic": "fill_rate", "prompt": "A faucet fills 15 liters at about 4 liters per minute. About how many minutes does it take?", "exact_value": 3.75, "model": "qwen/qwen2.5-3b-instruct", "provider": "transformers", "response": "Final answer: 4", "numeric_answer": 4.0, "relative_error": 0.06666666666666667, "thinking_text": null, "has_tool_call": false, "tool_call": null, "usage": {"prompt_tokens": 165, "completion_tokens": 6, "total_tokens": 171, "token_count_source": "tokenizer"}, "decoding": {"temperature": 0.2, "top_p": null, "top_k": null, "max_tokens": 256, "seed": 42}, "prompt_tokens": 165, "completion_tokens": 6, "total_tokens": 171, "token_count_source": "tokenizer", "diffusion_steps": null, "flops_estimate": null, "flops_arch": null, "flops_model_params": null, "flops_active_params": null, "tokens_non_final": 3, "tokens_reasoning": 0, "tokens_response": 3, "elapsed_seconds": 0.20419788360595703, "judgement": "Good approximation"}
{"id": "physics_estimate_000852", "topic": "physics_estimate", "subtopic": "fill_rate", "prompt": "A faucet fills 10 liters at about 6 liters per minute. About how many minutes does it take?", "exact_value": 1.6666666666666667, "model": "qwen/qwen2.5-3b-instruct", "provider": "transformers", "response": "Final answer: 2", "numeric_answer": 2.0, "relative_error": 0.19999999999999996, "thinking_text": null, "has_tool_call": false, "tool_call": null, "usage": {"prompt_tokens": 165, "completion_tokens": 6, "total_tokens": 171, "token_count_source": "tokenizer"}, "decoding": {"temperature": 0.2, "top_p": null, "top_k": null, "max_tokens": 256, "seed": 42}, "prompt_tokens": 165, "completion_tokens": 6, "total_tokens": 171, "token_count_source": "tokenizer", "diffusion_steps": null, "flops_estimate": null, "flops_arch": null, "flops_model_params": null, "flops_active_params": null, "tokens_non_final": 3, "tokens_reasoning": 0, "tokens_response": 3, "elapsed_seconds": 0.2145390510559082, "judgement": "Good approximation"}
{"id": "physics_estimate_000872", "topic": "physics_estimate", "subtopic": "fill_rate", "prompt": "A faucet fills 30 liters at about 7 liters per minute. About how many minutes does it take?", "exact_value": 4.285714285714286, "model": "qwen/qwen2.5-3b-instruct", "provider": "transformers", "response": "Final answer: 4", "numeric_answer": 4.0, "relative_error": 0.06666666666666664, "thinking_text": null, "has_tool_call": false, "tool_call": null, "usage": {"prompt_tokens": 165, "completion_tokens": 6, "total_tokens": 171, "token_count_source": "tokenizer"}, "decoding": {"temperature": 0.2, "top_p": null, "top_k": null, "max_tokens": 256, "seed": 42}, "prompt_tokens": 165, "completion_tokens": 6, "total_tokens": 171, "token_count_source": "tokenizer", "diffusion_steps": null, "flops_estimate": null, "flops_arch": null, "flops_model_params": null, "flops_active_params": null, "tokens_non_final": 3, "tokens_reasoning": 0, "tokens_response": 3, "elapsed_seconds": 0.20772147178649902, "judgement": "Good approximation"}
{"id": "physics_estimate_000892", "topic": "physics_estimate", "subtopic": "fill_rate", "prompt": "A faucet fills 15 liters at about 4 liters per minute. About how many minutes does it take?", "exact_value": 3.75, "model": "qwen/qwen2.5-3b-instruct", "provider": "transformers", "response": "Final answer: 4", "numeric_answer": 4.0, "relative_error": 0.06666666666666667, "thinking_text": null, "has_tool_call": false, "tool_call": null, "usage": {"prompt_tokens": 165, "completion_tokens": 6, "total_tokens": 171, "token_count_source": "tokenizer"}, "decoding": {"temperature": 0.2, "top_p": null, "top_k": null, "max_tokens": 256, "seed": 42}, "prompt_tokens": 165, "completion_tokens": 6, "total_tokens": 171, "token_count_source": "tokenizer", "diffusion_steps": null, "flops_estimate": null, "flops_arch": null, "flops_model_params": null, "flops_active_params": null, "tokens_non_final": 3, "tokens_reasoning": 0, "tokens_response": 3, "elapsed_seconds": 0.19819879531860352, "judgement": "Good approximation"}
{"id": "physics_estimate_000912", "topic": "physics_estimate", "subtopic": "fill_rate", "prompt": "A faucet fills 30 liters at about 8 liters per minute. About how many minutes does it take?", "exact_value": 3.75, "model": "qwen/qwen2.5-3b-instruct", "provider": "transformers", "response": "Final answer: 3", "numeric_answer": 3.0, "relative_error": 0.2, "thinking_text": null, "has_tool_call": false, "tool_call": null, "usage": {"prompt_tokens": 165, "completion_tokens": 6, "total_tokens": 171, "token_count_source": "tokenizer"}, "decoding": {"temperature": 0.2, "top_p": null, "top_k": null, "max_tokens": 256, "seed": 42}, "prompt_tokens": 165, "completion_tokens": 6, "total_tokens": 171, "token_count_source": "tokenizer", "diffusion_steps": null, "flops_estimate": null, "flops_arch": null, "flops_model_params": null, "flops_active_params": null, "tokens_non_final": 3, "tokens_reasoning": 0, "tokens_response": 3, "elapsed_seconds": 0.2122960090637207, "judgement": "Good approximation"}
{"id": "physics_estimate_000932", "topic": "physics_estimate", "subtopic": "fill_rate", "prompt": "A faucet fills 30 liters at about 6 liters per minute. About how many minutes does it take?", "exact_value": 5.0, "model": "qwen/qwen2.5-3b-instruct", "provider": "transformers", "response": "Final answer: 6", "numeric_answer": 6.0, "relative_error": 0.2, "thinking_text": null, "has_tool_call": false, "tool_call": null, "usage": {"prompt_tokens": 165, "completion_tokens": 6, "total_tokens": 171, "token_count_source": "tokenizer"}, "decoding": {"temperature": 0.2, "top_p": null, "top_k": null, "max_tokens": 256, "seed": 42}, "prompt_tokens": 165, "completion_tokens": 6, "total_tokens": 171, "token_count_source": "tokenizer", "diffusion_steps": null, "flops_estimate": null, "flops_arch": null, "flops_model_params": null, "flops_active_params": null, "tokens_non_final": 3, "tokens_reasoning": 0, "tokens_response": 3, "elapsed_seconds": 0.20748090744018555, "judgement": "Good approximation"}
{"id": "physics_estimate_000952", "topic": "physics_estimate", "subtopic": "fill_rate", "prompt": "A faucet fills 40 liters at about 6 liters per minute. About how many minutes does it take?", "exact_value": 6.666666666666667, "model": "qwen/qwen2.5-3b-instruct", "provider": "transformers", "response": "Final answer: 8", "numeric_answer": 8.0, "relative_error": 0.19999999999999996, "thinking_text": null, "has_tool_call": false, "tool_call": null, "usage": {"prompt_tokens": 165, "completion_tokens": 6, "total_tokens": 171, "token_count_source": "tokenizer"}, "decoding": {"temperature": 0.2, "top_p": null, "top_k": null, "max_tokens": 256, "seed": 42}, "prompt_tokens": 165, "completion_tokens": 6, "total_tokens": 171, "token_count_source": "tokenizer", "diffusion_steps": null, "flops_estimate": null, "flops_arch": null, "flops_model_params": null, "flops_active_params": null, "tokens_non_final": 3, "tokens_reasoning": 0, "tokens_response": 3, "elapsed_seconds": 0.21247529983520508, "judgement": "Good approximation"}
{"id": "physics_estimate_000972", "topic": "physics_estimate", "subtopic": "fill_rate", "prompt": "A faucet fills 10 liters at about 8 liters per minute. About how many minutes does it take?", "exact_value": 1.25, "model": "qwen/qwen2.5-3b-instruct", "provider": "transformers", "response": "Final answer: 2", "numeric_answer": 2.0, "relative_error": 0.6, "thinking_text": null, "has_tool_call": false, "tool_call": null, "usage": {"prompt_tokens": 165, "completion_tokens": 6, "total_tokens": 171, "token_count_source": "tokenizer"}, "decoding": {"temperature": 0.2, "top_p": null, "top_k": null, "max_tokens": 256, "seed": 42}, "prompt_tokens": 165, "completion_tokens": 6, "total_tokens": 171, "token_count_source": "tokenizer", "diffusion_steps": null, "flops_estimate": null, "flops_arch": null, "flops_model_params": null, "flops_active_params": null, "tokens_non_final": 3, "tokens_reasoning": 0, "tokens_response": 3, "elapsed_seconds": 0.20507478713989258, "judgement": "Mildly off"}
{"id": "physics_estimate_000992", "topic": "physics_estimate", "subtopic": "fill_rate", "prompt": "A faucet fills 20 liters at about 4 liters per minute. About how many minutes does it take?", "exact_value": 5.0, "model": "qwen/qwen2.5-3b-instruct", "provider": "transformers", "response": "Final answer: 5", "numeric_answer": 5.0, "relative_error": 0.0, "thinking_text": null, "has_tool_call": false, "tool_call": null, "usage": {"prompt_tokens": 165, "completion_tokens": 6, "total_tokens": 171, "token_count_source": "tokenizer"}, "decoding": {"temperature": 0.2, "top_p": null, "top_k": null, "max_tokens": 256, "seed": 42}, "prompt_tokens": 165, "completion_tokens": 6, "total_tokens": 171, "token_count_source": "tokenizer", "diffusion_steps": null, "flops_estimate": null, "flops_arch": null, "flops_model_params": null, "flops_active_params": null, "tokens_non_final": 3, "tokens_reasoning": 0, "tokens_response": 3, "elapsed_seconds": 0.20391392707824707, "judgement": "Exact math"}
{"id": "physics_estimate_001012", "topic": "physics_estimate", "subtopic": "fill_rate", "prompt": "A faucet fills 10 liters at about 6 liters per minute. About how many minutes does it take?", "exact_value": 1.6666666666666667, "model": "qwen/qwen2.5-3b-instruct", "provider": "transformers", "response": "Final answer: 2", "numeric_answer": 2.0, "relative_error": 0.19999999999999996, "thinking_text": null, "has_tool_call": false, "tool_call": null, "usage": {"prompt_tokens": 165, "completion_tokens": 6, "total_tokens": 171, "token_count_source": "tokenizer"}, "decoding": {"temperature": 0.2, "top_p": null, "top_k": null, "max_tokens": 256, "seed": 42}, "prompt_tokens": 165, "completion_tokens": 6, "total_tokens": 171, "token_count_source": "tokenizer", "diffusion_steps": null, "flops_estimate": null, "flops_arch": null, "flops_model_params": null, "flops_active_params": null, "tokens_non_final": 3, "tokens_reasoning": 0, "tokens_response": 3, "elapsed_seconds": 0.20176911354064941, "judgement": "Good approximation"}
{"id": "physics_estimate_001032", "topic": "physics_estimate", "subtopic": "fill_rate", "prompt": "A faucet fills 30 liters at about 6 liters per minute. About how many minutes does it take?", "exact_value": 5.0, "model": "qwen/qwen2.5-3b-instruct", "provider": "transformers", "response": "Final answer: 6", "numeric_answer": 6.0, "relative_error": 0.2, "thinking_text": null, "has_tool_call": false, "tool_call": null, "usage": {"prompt_tokens": 165, "completion_tokens": 6, "total_tokens": 171, "token_count_source": "tokenizer"}, "decoding": {"temperature": 0.2, "top_p": null, "top_k": null, "max_tokens": 256, "seed": 42}, "prompt_tokens": 165, "completion_tokens": 6, "total_tokens": 171, "token_count_source": "tokenizer", "diffusion_steps": null, "flops_estimate": null, "flops_arch": null, "flops_model_params": null, "flops_active_params": null, "tokens_non_final": 3, "tokens_reasoning": 0, "tokens_response": 3, "elapsed_seconds": 0.20587921142578125, "judgement": "Good approximation"}
{"id": "physics_estimate_001052", "topic": "physics_estimate", "subtopic": "fill_rate", "prompt": "A faucet fills 10 liters at about 5 liters per minute. About how many minutes does it take?", "exact_value": 2.0, "model": "qwen/qwen2.5-3b-instruct", "provider": "transformers", "response": "Final answer: 2", "numeric_answer": 2.0, "relative_error": 0.0, "thinking_text": null, "has_tool_call": false, "tool_call": null, "usage": {"prompt_tokens": 165, "completion_tokens": 6, "total_tokens": 171, "token_count_source": "tokenizer"}, "decoding": {"temperature": 0.2, "top_p": null, "top_k": null, "max_tokens": 256, "seed": 42}, "prompt_tokens": 165, "completion_tokens": 6, "total_tokens": 171, "token_count_source": "tokenizer", "diffusion_steps": null, "flops_estimate": null, "flops_arch": null, "flops_model_params": null, "flops_active_params": null, "tokens_non_final": 3, "tokens_reasoning": 0, "tokens_response": 3, "elapsed_seconds": 0.2030930519104004, "judgement": "Exact math"}
{"summary": {"samples": 500, "judgement_counts": {"Good approximation": 250, "Mildly off": 89, "Way off": 141, "Exact math": 20}, "count_good_approximation": 250, "count_exact_math": 20, "count_mildly_off": 89, "count_way_off": 141, "good_approximation_rate": 0.5, "exact_math_rate": 0.04, "good_approximation_rate_ci_95": [0.45634046916507415, 0.5436595308349259], "exact_math_rate_ci_95": [0.026040593951356387, 0.06097405509707471], "counts_by_topic": {"basket_sum": {"n": 86, "count_good_approximation": 63, "count_exact_math": 0, "count_mildly_off": 22, "count_way_off": 1}, "discounts": {"n": 85, "count_good_approximation": 16, "count_exact_math": 0, "count_mildly_off": 21, "count_way_off": 48}, "taxes": {"n": 61, "count_good_approximation": 24, "count_exact_math": 0, "count_mildly_off": 19, "count_way_off": 18}, "units": {"n": 61, "count_good_approximation": 40, "count_exact_math": 0, "count_mildly_off": 6, "count_way_off": 15}, "tips": {"n": 61, "count_good_approximation": 29, "count_exact_math": 0, "count_mildly_off": 8, "count_way_off": 24}, "fermi": {"n": 49, "count_good_approximation": 2, "count_exact_math": 12, "count_mildly_off": 3, "count_way_off": 32}, "travel_time": {"n": 49, "count_good_approximation": 44, "count_exact_math": 0, "count_mildly_off": 2, "count_way_off": 3}, "physics_estimate": {"n": 48, "count_good_approximation": 32, "count_exact_math": 8, "count_mildly_off": 8, "count_way_off": 0}}, "counts_by_subtopic": {"decimal_prices": {"n": 86, "count_good_approximation": 63, "count_exact_math": 0, "count_mildly_off": 22, "count_way_off": 1}, "buy_n_get_m": {"n": 14, "count_good_approximation": 3, "count_exact_math": 0, "count_mildly_off": 4, "count_way_off": 7}, "threshold": {"n": 22, "count_good_approximation": 1, "count_exact_math": 0, "count_mildly_off": 8, "count_way_off": 13}, "percent": {"n": 16, "count_good_approximation": 7, "count_exact_math": 0, "count_mildly_off": 3, "count_way_off": 6}, "stacked": {"n": 18, "count_good_approximation": 4, "count_exact_math": 0, "count_mildly_off": 1, "count_way_off": 13}, "bogo": {"n": 15, "count_good_approximation": 1, "count_exact_math": 0, "count_mildly_off": 5, "count_way_off": 9}, "pre_discount_tax": {"n": 25, "count_good_approximation": 12, "count_exact_math": 0, "count_mildly_off": 9, "count_way_off": 4}, "post_discount_tax": {"n": 36, "count_good_approximation": 12, "count_exact_math": 0, "count_mildly_off": 10, "count_way_off": 14}, "kg_g": {"n": 31, "count_good_approximation": 27, "count_exact_math": 0, "count_mildly_off": 2, "count_way_off": 2}, "lb_oz": {"n": 30, "count_good_approximation": 13, "count_exact_math": 0, "count_mildly_off": 4, "count_way_off": 13}, "tips_service": {"n": 61, "count_good_approximation": 29, "count_exact_math": 0, "count_mildly_off": 8, "count_way_off": 24}, "crowd_density": {"n": 49, "count_good_approximation": 2, "count_exact_math": 12, "count_mildly_off": 3, "count_way_off": 32}, "drive_time": {"n": 49, "count_good_approximation": 44, "count_exact_math": 0, "count_mildly_off": 2, "count_way_off": 3}, "fill_rate": {"n": 48, "count_good_approximation": 32, "count_exact_math": 8, "count_mildly_off": 8, "count_way_off": 0}}, "tool_call_count": 0, "avg_elapsed_seconds": 0.29544152641296384, "avg_tokens_non_final": 3.914, "avg_tokens_reasoning": 0.0, "avg_tokens": 3.914, "avg_completion_tokens": 8.528, "avg_prompt_tokens": 179.05, "avg_total_tokens": 187.578, "avg_flops_estimate": null, "token_counts_include_prompt": true, "token_count_sources": {"tokenizer": 500}, "avg_relative_error": 0.4007191422262354, "median_relative_error": 0.19999999999999993}}
