{"id": "basket_sum_000171", "topic": "basket_sum", "subtopic": "decimal_prices", "prompt": "You’re buying 3 items: $7.04, $12.56, $5.78. About how much will you pay (before tax)?", "exact_value": 25.38, "model": "qwen/qwen2.5-3b-instruct", "provider": "transformers", "response": "Final answer: 5", "numeric_answer": 5.0, "relative_error": 0.8029944838455476, "thinking_text": null, "has_tool_call": false, "tool_call": null, "usage": {"prompt_tokens": 178, "completion_tokens": 6, "total_tokens": 184, "token_count_source": "tokenizer"}, "decoding": {"temperature": 0.2, "top_p": null, "top_k": null, "max_tokens": 256, "seed": 42}, "prompt_tokens": 178, "completion_tokens": 6, "total_tokens": 184, "token_count_source": "tokenizer", "diffusion_steps": null, "flops_estimate": null, "flops_arch": null, "flops_model_params": null, "flops_active_params": null, "tokens_non_final": 3, "tokens_reasoning": 0, "tokens_response": 3, "elapsed_seconds": 0.21507525444030762, "judgement": "Way off"}
{"id": "basket_sum_000191", "topic": "basket_sum", "subtopic": "decimal_prices", "prompt": "You’re buying 5 items: $17.31, $7.03, $9.93, $19.51, $11.17. About how much will you pay (before tax)?", "exact_value": 64.95, "model": "qwen/qwen2.5-3b-instruct", "provider": "transformers", "response": "Final answer: 19", "numeric_answer": 19.0, "relative_error": 0.7074672825250192, "thinking_text": null, "has_tool_call": false, "tool_call": null, "usage": {"prompt_tokens": 192, "completion_tokens": 7, "total_tokens": 199, "token_count_source": "tokenizer"}, "decoding": {"temperature": 0.2, "top_p": null, "top_k": null, "max_tokens": 256, "seed": 42}, "prompt_tokens": 192, "completion_tokens": 7, "total_tokens": 199, "token_count_source": "tokenizer", "diffusion_steps": null, "flops_estimate": null, "flops_arch": null, "flops_model_params": null, "flops_active_params": null, "tokens_non_final": 3, "tokens_reasoning": 0, "tokens_response": 3, "elapsed_seconds": 0.251145601272583, "judgement": "Way off"}
{"id": "basket_sum_000211", "topic": "basket_sum", "subtopic": "decimal_prices", "prompt": "You’re buying 6 items: $13.05, $4.61, $17.83, $17.37, $4.97, $2.96. About how much will you pay (before tax)?", "exact_value": 60.79, "model": "qwen/qwen2.5-3b-instruct", "provider": "transformers", "response": "Final answer: 10", "numeric_answer": 10.0, "relative_error": 0.8354992597466688, "thinking_text": null, "has_tool_call": false, "tool_call": null, "usage": {"prompt_tokens": 198, "completion_tokens": 7, "total_tokens": 205, "token_count_source": "tokenizer"}, "decoding": {"temperature": 0.2, "top_p": null, "top_k": null, "max_tokens": 256, "seed": 42}, "prompt_tokens": 198, "completion_tokens": 7, "total_tokens": 205, "token_count_source": "tokenizer", "diffusion_steps": null, "flops_estimate": null, "flops_arch": null, "flops_model_params": null, "flops_active_params": null, "tokens_non_final": 3, "tokens_reasoning": 0, "tokens_response": 3, "elapsed_seconds": 0.24889230728149414, "judgement": "Way off"}
{"id": "basket_sum_000231", "topic": "basket_sum", "subtopic": "decimal_prices", "prompt": "You’re buying 6 items: $4.43, $10.89, $5.57, $12.80, $4.22, $15.17. About how much will you pay (before tax)?", "exact_value": 53.08, "model": "qwen/qwen2.5-3b-instruct", "provider": "transformers", "response": "Final answer: 15", "numeric_answer": 15.0, "relative_error": 0.7174076865109269, "thinking_text": null, "has_tool_call": false, "tool_call": null, "usage": {"prompt_tokens": 198, "completion_tokens": 7, "total_tokens": 205, "token_count_source": "tokenizer"}, "decoding": {"temperature": 0.2, "top_p": null, "top_k": null, "max_tokens": 256, "seed": 42}, "prompt_tokens": 198, "completion_tokens": 7, "total_tokens": 205, "token_count_source": "tokenizer", "diffusion_steps": null, "flops_estimate": null, "flops_arch": null, "flops_model_params": null, "flops_active_params": null, "tokens_non_final": 3, "tokens_reasoning": 0, "tokens_response": 3, "elapsed_seconds": 0.24370121955871582, "judgement": "Way off"}
{"id": "basket_sum_000251", "topic": "basket_sum", "subtopic": "decimal_prices", "prompt": "You’re buying 4 items: $7.24, $9.93, $15.10, $11.31. About how much will you pay (before tax)?", "exact_value": 43.58, "model": "qwen/qwen2.5-3b-instruct", "provider": "transformers", "response": "Final answer: 10", "numeric_answer": 10.0, "relative_error": 0.7705369435520881, "thinking_text": null, "has_tool_call": false, "tool_call": null, "usage": {"prompt_tokens": 185, "completion_tokens": 7, "total_tokens": 192, "token_count_source": "tokenizer"}, "decoding": {"temperature": 0.2, "top_p": null, "top_k": null, "max_tokens": 256, "seed": 42}, "prompt_tokens": 185, "completion_tokens": 7, "total_tokens": 192, "token_count_source": "tokenizer", "diffusion_steps": null, "flops_estimate": null, "flops_arch": null, "flops_model_params": null, "flops_active_params": null, "tokens_non_final": 3, "tokens_reasoning": 0, "tokens_response": 3, "elapsed_seconds": 0.24773359298706055, "judgement": "Way off"}
{"id": "basket_sum_000271", "topic": "basket_sum", "subtopic": "decimal_prices", "prompt": "You’re buying 4 items: $19.91, $19.58, $6.09, $1.98. About how much will you pay (before tax)?", "exact_value": 47.56, "model": "qwen/qwen2.5-3b-instruct", "provider": "transformers", "response": "Final answer: 20", "numeric_answer": 20.0, "relative_error": 0.5794785534062238, "thinking_text": null, "has_tool_call": false, "tool_call": null, "usage": {"prompt_tokens": 185, "completion_tokens": 7, "total_tokens": 192, "token_count_source": "tokenizer"}, "decoding": {"temperature": 0.2, "top_p": null, "top_k": null, "max_tokens": 256, "seed": 42}, "prompt_tokens": 185, "completion_tokens": 7, "total_tokens": 192, "token_count_source": "tokenizer", "diffusion_steps": null, "flops_estimate": null, "flops_arch": null, "flops_model_params": null, "flops_active_params": null, "tokens_non_final": 3, "tokens_reasoning": 0, "tokens_response": 3, "elapsed_seconds": 0.23980426788330078, "judgement": "Mildly off"}
{"id": "basket_sum_000291", "topic": "basket_sum", "subtopic": "decimal_prices", "prompt": "You’re buying 4 items: $10.75, $8.39, $14.91, $11.50. About how much will you pay (before tax)?", "exact_value": 45.55, "model": "qwen/qwen2.5-3b-instruct", "provider": "transformers", "response": "Final answer: 1080", "numeric_answer": 1080.0, "relative_error": 22.710208562019762, "thinking_text": null, "has_tool_call": false, "tool_call": null, "usage": {"prompt_tokens": 186, "completion_tokens": 9, "total_tokens": 195, "token_count_source": "tokenizer"}, "decoding": {"temperature": 0.2, "top_p": null, "top_k": null, "max_tokens": 256, "seed": 42}, "prompt_tokens": 186, "completion_tokens": 9, "total_tokens": 195, "token_count_source": "tokenizer", "diffusion_steps": null, "flops_estimate": null, "flops_arch": null, "flops_model_params": null, "flops_active_params": null, "tokens_non_final": 3, "tokens_reasoning": 0, "tokens_response": 3, "elapsed_seconds": 0.2998635768890381, "judgement": "Way off"}
{"id": "basket_sum_000311", "topic": "basket_sum", "subtopic": "decimal_prices", "prompt": "You’re buying 3 items: $15.35, $16.98, $2.04. About how much will you pay (before tax)?", "exact_value": 34.37, "model": "qwen/qwen2.5-3b-instruct", "provider": "transformers", "response": "Final answer: 16", "numeric_answer": 16.0, "relative_error": 0.5344777422170497, "thinking_text": null, "has_tool_call": false, "tool_call": null, "usage": {"prompt_tokens": 179, "completion_tokens": 7, "total_tokens": 186, "token_count_source": "tokenizer"}, "decoding": {"temperature": 0.2, "top_p": null, "top_k": null, "max_tokens": 256, "seed": 42}, "prompt_tokens": 179, "completion_tokens": 7, "total_tokens": 186, "token_count_source": "tokenizer", "diffusion_steps": null, "flops_estimate": null, "flops_arch": null, "flops_model_params": null, "flops_active_params": null, "tokens_non_final": 3, "tokens_reasoning": 0, "tokens_response": 3, "elapsed_seconds": 0.2560551166534424, "judgement": "Mildly off"}
{"id": "basket_sum_000331", "topic": "basket_sum", "subtopic": "decimal_prices", "prompt": "You’re buying 6 items: $10.51, $16.13, $18.17, $3.75, $7.32, $10.07. About how much will you pay (before tax)?", "exact_value": 65.95, "model": "qwen/qwen2.5-3b-instruct", "provider": "transformers", "response": "Final answer: 10.3", "numeric_answer": 10.3, "relative_error": 0.8438210765731615, "thinking_text": null, "has_tool_call": false, "tool_call": null, "usage": {"prompt_tokens": 199, "completion_tokens": 9, "total_tokens": 208, "token_count_source": "tokenizer"}, "decoding": {"temperature": 0.2, "top_p": null, "top_k": null, "max_tokens": 256, "seed": 42}, "prompt_tokens": 199, "completion_tokens": 9, "total_tokens": 208, "token_count_source": "tokenizer", "diffusion_steps": null, "flops_estimate": null, "flops_arch": null, "flops_model_params": null, "flops_active_params": null, "tokens_non_final": 3, "tokens_reasoning": 0, "tokens_response": 3, "elapsed_seconds": 0.29777073860168457, "judgement": "Way off"}
{"id": "basket_sum_000351", "topic": "basket_sum", "subtopic": "decimal_prices", "prompt": "You’re buying 5 items: $4.79, $14.12, $9.07, $19.61, $11.68. About how much will you pay (before tax)?", "exact_value": 59.27, "model": "qwen/qwen2.5-3b-instruct", "provider": "transformers", "response": "Final answer: 10", "numeric_answer": 10.0, "relative_error": 0.8312805803948035, "thinking_text": null, "has_tool_call": false, "tool_call": null, "usage": {"prompt_tokens": 192, "completion_tokens": 7, "total_tokens": 199, "token_count_source": "tokenizer"}, "decoding": {"temperature": 0.2, "top_p": null, "top_k": null, "max_tokens": 256, "seed": 42}, "prompt_tokens": 192, "completion_tokens": 7, "total_tokens": 199, "token_count_source": "tokenizer", "diffusion_steps": null, "flops_estimate": null, "flops_arch": null, "flops_model_params": null, "flops_active_params": null, "tokens_non_final": 3, "tokens_reasoning": 0, "tokens_response": 3, "elapsed_seconds": 0.2394697666168213, "judgement": "Way off"}
{"id": "basket_sum_000371", "topic": "basket_sum", "subtopic": "decimal_prices", "prompt": "You’re buying 5 items: $9.72, $2.29, $17.88, $2.49, $9.86. About how much will you pay (before tax)?", "exact_value": 42.24, "model": "qwen/qwen2.5-3b-instruct", "provider": "transformers", "response": "Final answer: 2", "numeric_answer": 2.0, "relative_error": 0.9526515151515151, "thinking_text": null, "has_tool_call": false, "tool_call": null, "usage": {"prompt_tokens": 190, "completion_tokens": 6, "total_tokens": 196, "token_count_source": "tokenizer"}, "decoding": {"temperature": 0.2, "top_p": null, "top_k": null, "max_tokens": 256, "seed": 42}, "prompt_tokens": 190, "completion_tokens": 6, "total_tokens": 196, "token_count_source": "tokenizer", "diffusion_steps": null, "flops_estimate": null, "flops_arch": null, "flops_model_params": null, "flops_active_params": null, "tokens_non_final": 3, "tokens_reasoning": 0, "tokens_response": 3, "elapsed_seconds": 0.21040749549865723, "judgement": "Way off"}
{"id": "basket_sum_000391", "topic": "basket_sum", "subtopic": "decimal_prices", "prompt": "You’re buying 6 items: $2.67, $2.79, $9.35, $5.00, $6.23, $4.50. About how much will you pay (before tax)?", "exact_value": 30.54, "model": "qwen/qwen2.5-3b-instruct", "provider": "transformers", "response": "Final answer: 5", "numeric_answer": 5.0, "relative_error": 0.8362802881466929, "thinking_text": null, "has_tool_call": false, "tool_call": null, "usage": {"prompt_tokens": 195, "completion_tokens": 6, "total_tokens": 201, "token_count_source": "tokenizer"}, "decoding": {"temperature": 0.2, "top_p": null, "top_k": null, "max_tokens": 256, "seed": 42}, "prompt_tokens": 195, "completion_tokens": 6, "total_tokens": 201, "token_count_source": "tokenizer", "diffusion_steps": null, "flops_estimate": null, "flops_arch": null, "flops_model_params": null, "flops_active_params": null, "tokens_non_final": 3, "tokens_reasoning": 0, "tokens_response": 3, "elapsed_seconds": 0.19962501525878906, "judgement": "Way off"}
{"id": "basket_sum_000411", "topic": "basket_sum", "subtopic": "decimal_prices", "prompt": "You’re buying 6 items: $19.35, $1.11, $7.30, $7.27, $14.63, $8.58. About how much will you pay (before tax)?", "exact_value": 58.24, "model": "qwen/qwen2.5-3b-instruct", "provider": "transformers", "response": "Final answer: 14", "numeric_answer": 14.0, "relative_error": 0.7596153846153846, "thinking_text": null, "has_tool_call": false, "tool_call": null, "usage": {"prompt_tokens": 197, "completion_tokens": 7, "total_tokens": 204, "token_count_source": "tokenizer"}, "decoding": {"temperature": 0.2, "top_p": null, "top_k": null, "max_tokens": 256, "seed": 42}, "prompt_tokens": 197, "completion_tokens": 7, "total_tokens": 204, "token_count_source": "tokenizer", "diffusion_steps": null, "flops_estimate": null, "flops_arch": null, "flops_model_params": null, "flops_active_params": null, "tokens_non_final": 3, "tokens_reasoning": 0, "tokens_response": 3, "elapsed_seconds": 0.23902058601379395, "judgement": "Way off"}
{"id": "basket_sum_000431", "topic": "basket_sum", "subtopic": "decimal_prices", "prompt": "You’re buying 5 items: $7.21, $16.25, $15.35, $1.62, $15.01. About how much will you pay (before tax)?", "exact_value": 55.44, "model": "qwen/qwen2.5-3b-instruct", "provider": "transformers", "response": "Final answer: 15", "numeric_answer": 15.0, "relative_error": 0.7294372294372294, "thinking_text": null, "has_tool_call": false, "tool_call": null, "usage": {"prompt_tokens": 192, "completion_tokens": 7, "total_tokens": 199, "token_count_source": "tokenizer"}, "decoding": {"temperature": 0.2, "top_p": null, "top_k": null, "max_tokens": 256, "seed": 42}, "prompt_tokens": 192, "completion_tokens": 7, "total_tokens": 199, "token_count_source": "tokenizer", "diffusion_steps": null, "flops_estimate": null, "flops_arch": null, "flops_model_params": null, "flops_active_params": null, "tokens_non_final": 3, "tokens_reasoning": 0, "tokens_response": 3, "elapsed_seconds": 0.2507803440093994, "judgement": "Way off"}
{"id": "basket_sum_000451", "topic": "basket_sum", "subtopic": "decimal_prices", "prompt": "You’re buying 4 items: $15.91, $2.34, $17.70, $14.92. About how much will you pay (before tax)?", "exact_value": 50.87, "model": "qwen/qwen2.5-3b-instruct", "provider": "transformers", "response": "Final answer: 14", "numeric_answer": 14.0, "relative_error": 0.7247886770198545, "thinking_text": null, "has_tool_call": false, "tool_call": null, "usage": {"prompt_tokens": 186, "completion_tokens": 7, "total_tokens": 193, "token_count_source": "tokenizer"}, "decoding": {"temperature": 0.2, "top_p": null, "top_k": null, "max_tokens": 256, "seed": 42}, "prompt_tokens": 186, "completion_tokens": 7, "total_tokens": 193, "token_count_source": "tokenizer", "diffusion_steps": null, "flops_estimate": null, "flops_arch": null, "flops_model_params": null, "flops_active_params": null, "tokens_non_final": 3, "tokens_reasoning": 0, "tokens_response": 3, "elapsed_seconds": 0.22734308242797852, "judgement": "Way off"}
{"id": "basket_sum_000471", "topic": "basket_sum", "subtopic": "decimal_prices", "prompt": "You’re buying 5 items: $9.40, $19.52, $11.04, $3.12, $1.27. About how much will you pay (before tax)?", "exact_value": 44.35, "model": "qwen/qwen2.5-3b-instruct", "provider": "transformers", "response": "Final answer: 1", "numeric_answer": 1.0, "relative_error": 0.9774520856820744, "thinking_text": null, "has_tool_call": false, "tool_call": null, "usage": {"prompt_tokens": 191, "completion_tokens": 6, "total_tokens": 197, "token_count_source": "tokenizer"}, "decoding": {"temperature": 0.2, "top_p": null, "top_k": null, "max_tokens": 256, "seed": 42}, "prompt_tokens": 191, "completion_tokens": 6, "total_tokens": 197, "token_count_source": "tokenizer", "diffusion_steps": null, "flops_estimate": null, "flops_arch": null, "flops_model_params": null, "flops_active_params": null, "tokens_non_final": 3, "tokens_reasoning": 0, "tokens_response": 3, "elapsed_seconds": 0.21128320693969727, "judgement": "Way off"}
{"id": "basket_sum_000491", "topic": "basket_sum", "subtopic": "decimal_prices", "prompt": "You’re buying 3 items: $12.29, $7.74, $10.02. About how much will you pay (before tax)?", "exact_value": 30.05, "model": "qwen/qwen2.5-3b-instruct", "provider": "transformers", "response": "10.02", "numeric_answer": 10.02, "relative_error": 0.6665557404326123, "thinking_text": null, "has_tool_call": false, "tool_call": null, "usage": {"prompt_tokens": 179, "completion_tokens": 6, "total_tokens": 185, "token_count_source": "tokenizer"}, "decoding": {"temperature": 0.2, "top_p": null, "top_k": null, "max_tokens": 256, "seed": 42}, "prompt_tokens": 179, "completion_tokens": 6, "total_tokens": 185, "token_count_source": "tokenizer", "diffusion_steps": null, "flops_estimate": null, "flops_arch": null, "flops_model_params": null, "flops_active_params": null, "tokens_non_final": 1, "tokens_reasoning": 0, "tokens_response": 1, "elapsed_seconds": 0.20742392539978027, "judgement": "Way off"}
{"id": "basket_sum_000511", "topic": "basket_sum", "subtopic": "decimal_prices", "prompt": "You’re buying 5 items: $19.01, $7.47, $3.87, $10.40, $14.78. About how much will you pay (before tax)?", "exact_value": 55.53, "model": "qwen/qwen2.5-3b-instruct", "provider": "transformers", "response": "Final answer: 14", "numeric_answer": 14.0, "relative_error": 0.7478840266522601, "thinking_text": null, "has_tool_call": false, "tool_call": null, "usage": {"prompt_tokens": 192, "completion_tokens": 7, "total_tokens": 199, "token_count_source": "tokenizer"}, "decoding": {"temperature": 0.2, "top_p": null, "top_k": null, "max_tokens": 256, "seed": 42}, "prompt_tokens": 192, "completion_tokens": 7, "total_tokens": 199, "token_count_source": "tokenizer", "diffusion_steps": null, "flops_estimate": null, "flops_arch": null, "flops_model_params": null, "flops_active_params": null, "tokens_non_final": 3, "tokens_reasoning": 0, "tokens_response": 3, "elapsed_seconds": 0.23390555381774902, "judgement": "Way off"}
{"id": "basket_sum_000531", "topic": "basket_sum", "subtopic": "decimal_prices", "prompt": "You’re buying 3 items: $19.08, $1.40, $9.05. About how much will you pay (before tax)?", "exact_value": 29.53, "model": "qwen/qwen2.5-3b-instruct", "provider": "transformers", "response": "1905", "numeric_answer": 1905.0, "relative_error": 63.5106671181849, "thinking_text": null, "has_tool_call": false, "tool_call": null, "usage": {"prompt_tokens": 178, "completion_tokens": 5, "total_tokens": 183, "token_count_source": "tokenizer"}, "decoding": {"temperature": 0.2, "top_p": null, "top_k": null, "max_tokens": 256, "seed": 42}, "prompt_tokens": 178, "completion_tokens": 5, "total_tokens": 183, "token_count_source": "tokenizer", "diffusion_steps": null, "flops_estimate": null, "flops_arch": null, "flops_model_params": null, "flops_active_params": null, "tokens_non_final": 1, "tokens_reasoning": 0, "tokens_response": 1, "elapsed_seconds": 0.17577791213989258, "judgement": "Way off"}
{"id": "basket_sum_000551", "topic": "basket_sum", "subtopic": "decimal_prices", "prompt": "You’re buying 4 items: $11.87, $4.88, $19.26, $15.04. About how much will you pay (before tax)?", "exact_value": 51.05, "model": "qwen/qwen2.5-3b-instruct", "provider": "transformers", "response": "Final answer: 15", "numeric_answer": 15.0, "relative_error": 0.7061704211557297, "thinking_text": null, "has_tool_call": false, "tool_call": null, "usage": {"prompt_tokens": 186, "completion_tokens": 7, "total_tokens": 193, "token_count_source": "tokenizer"}, "decoding": {"temperature": 0.2, "top_p": null, "top_k": null, "max_tokens": 256, "seed": 42}, "prompt_tokens": 186, "completion_tokens": 7, "total_tokens": 193, "token_count_source": "tokenizer", "diffusion_steps": null, "flops_estimate": null, "flops_arch": null, "flops_model_params": null, "flops_active_params": null, "tokens_non_final": 3, "tokens_reasoning": 0, "tokens_response": 3, "elapsed_seconds": 0.2372910976409912, "judgement": "Way off"}
{"id": "basket_sum_000571", "topic": "basket_sum", "subtopic": "decimal_prices", "prompt": "You’re buying 6 items: $6.73, $19.19, $7.76, $16.39, $3.13, $17.44. About how much will you pay (before tax)?", "exact_value": 70.64, "model": "qwen/qwen2.5-3b-instruct", "provider": "transformers", "response": "Final answer: 16", "numeric_answer": 16.0, "relative_error": 0.7734994337485843, "thinking_text": null, "has_tool_call": false, "tool_call": null, "usage": {"prompt_tokens": 198, "completion_tokens": 7, "total_tokens": 205, "token_count_source": "tokenizer"}, "decoding": {"temperature": 0.2, "top_p": null, "top_k": null, "max_tokens": 256, "seed": 42}, "prompt_tokens": 198, "completion_tokens": 7, "total_tokens": 205, "token_count_source": "tokenizer", "diffusion_steps": null, "flops_estimate": null, "flops_arch": null, "flops_model_params": null, "flops_active_params": null, "tokens_non_final": 3, "tokens_reasoning": 0, "tokens_response": 3, "elapsed_seconds": 0.22395658493041992, "judgement": "Way off"}
{"id": "basket_sum_000591", "topic": "basket_sum", "subtopic": "decimal_prices", "prompt": "You’re buying 3 items: $0.99, $3.35, $7.00. About how much will you pay (before tax)?", "exact_value": 11.34, "model": "qwen/qwen2.5-3b-instruct", "provider": "transformers", "response": "Final answer: 3", "numeric_answer": 3.0, "relative_error": 0.7354497354497355, "thinking_text": null, "has_tool_call": false, "tool_call": null, "usage": {"prompt_tokens": 177, "completion_tokens": 6, "total_tokens": 183, "token_count_source": "tokenizer"}, "decoding": {"temperature": 0.2, "top_p": null, "top_k": null, "max_tokens": 256, "seed": 42}, "prompt_tokens": 177, "completion_tokens": 6, "total_tokens": 183, "token_count_source": "tokenizer", "diffusion_steps": null, "flops_estimate": null, "flops_arch": null, "flops_model_params": null, "flops_active_params": null, "tokens_non_final": 3, "tokens_reasoning": 0, "tokens_response": 3, "elapsed_seconds": 0.20575451850891113, "judgement": "Way off"}
{"id": "basket_sum_000611", "topic": "basket_sum", "subtopic": "decimal_prices", "prompt": "You’re buying 5 items: $18.98, $19.99, $18.20, $16.09, $3.27. About how much will you pay (before tax)?", "exact_value": 76.53, "model": "qwen/qwen2.5-3b-instruct", "provider": "transformers", "response": "Final answer: 18", "numeric_answer": 18.0, "relative_error": 0.764798118384947, "thinking_text": null, "has_tool_call": false, "tool_call": null, "usage": {"prompt_tokens": 193, "completion_tokens": 7, "total_tokens": 200, "token_count_source": "tokenizer"}, "decoding": {"temperature": 0.2, "top_p": null, "top_k": null, "max_tokens": 256, "seed": 42}, "prompt_tokens": 193, "completion_tokens": 7, "total_tokens": 200, "token_count_source": "tokenizer", "diffusion_steps": null, "flops_estimate": null, "flops_arch": null, "flops_model_params": null, "flops_active_params": null, "tokens_non_final": 3, "tokens_reasoning": 0, "tokens_response": 3, "elapsed_seconds": 0.24279570579528809, "judgement": "Way off"}
{"id": "basket_sum_000631", "topic": "basket_sum", "subtopic": "decimal_prices", "prompt": "You’re buying 6 items: $6.60, $16.40, $12.63, $14.05, $19.28, $13.75. About how much will you pay (before tax)?", "exact_value": 82.71, "model": "qwen/qwen2.5-3b-instruct", "provider": "transformers", "response": "Final answer: 13", "numeric_answer": 13.0, "relative_error": 0.842824325958167, "thinking_text": null, "has_tool_call": false, "tool_call": null, "usage": {"prompt_tokens": 200, "completion_tokens": 7, "total_tokens": 207, "token_count_source": "tokenizer"}, "decoding": {"temperature": 0.2, "top_p": null, "top_k": null, "max_tokens": 256, "seed": 42}, "prompt_tokens": 200, "completion_tokens": 7, "total_tokens": 207, "token_count_source": "tokenizer", "diffusion_steps": null, "flops_estimate": null, "flops_arch": null, "flops_model_params": null, "flops_active_params": null, "tokens_non_final": 3, "tokens_reasoning": 0, "tokens_response": 3, "elapsed_seconds": 0.23517060279846191, "judgement": "Way off"}
{"id": "basket_sum_000651", "topic": "basket_sum", "subtopic": "decimal_prices", "prompt": "You’re buying 3 items: $14.35, $18.58, $9.20. About how much will you pay (before tax)?", "exact_value": 42.13, "model": "qwen/qwen2.5-3b-instruct", "provider": "transformers", "response": "Final answer: 18", "numeric_answer": 18.0, "relative_error": 0.5727510087823404, "thinking_text": null, "has_tool_call": false, "tool_call": null, "usage": {"prompt_tokens": 179, "completion_tokens": 7, "total_tokens": 186, "token_count_source": "tokenizer"}, "decoding": {"temperature": 0.2, "top_p": null, "top_k": null, "max_tokens": 256, "seed": 42}, "prompt_tokens": 179, "completion_tokens": 7, "total_tokens": 186, "token_count_source": "tokenizer", "diffusion_steps": null, "flops_estimate": null, "flops_arch": null, "flops_model_params": null, "flops_active_params": null, "tokens_non_final": 3, "tokens_reasoning": 0, "tokens_response": 3, "elapsed_seconds": 0.24596405029296875, "judgement": "Mildly off"}
{"id": "basket_sum_000671", "topic": "basket_sum", "subtopic": "decimal_prices", "prompt": "You’re buying 5 items: $5.42, $15.65, $14.74, $19.74, $2.91. About how much will you pay (before tax)?", "exact_value": 58.46, "model": "qwen/qwen2.5-3b-instruct", "provider": "transformers", "response": "Final answer: 15", "numeric_answer": 15.0, "relative_error": 0.7434143003763257, "thinking_text": null, "has_tool_call": false, "tool_call": null, "usage": {"prompt_tokens": 192, "completion_tokens": 7, "total_tokens": 199, "token_count_source": "tokenizer"}, "decoding": {"temperature": 0.2, "top_p": null, "top_k": null, "max_tokens": 256, "seed": 42}, "prompt_tokens": 192, "completion_tokens": 7, "total_tokens": 199, "token_count_source": "tokenizer", "diffusion_steps": null, "flops_estimate": null, "flops_arch": null, "flops_model_params": null, "flops_active_params": null, "tokens_non_final": 3, "tokens_reasoning": 0, "tokens_response": 3, "elapsed_seconds": 0.23994159698486328, "judgement": "Way off"}
{"id": "basket_sum_000691", "topic": "basket_sum", "subtopic": "decimal_prices", "prompt": "You’re buying 6 items: $8.22, $18.07, $7.30, $1.67, $13.66, $9.30. About how much will you pay (before tax)?", "exact_value": 58.22, "model": "qwen/qwen2.5-3b-instruct", "provider": "transformers", "response": "Final answer: 13", "numeric_answer": 13.0, "relative_error": 0.7767090346959807, "thinking_text": null, "has_tool_call": false, "tool_call": null, "usage": {"prompt_tokens": 197, "completion_tokens": 7, "total_tokens": 204, "token_count_source": "tokenizer"}, "decoding": {"temperature": 0.2, "top_p": null, "top_k": null, "max_tokens": 256, "seed": 42}, "prompt_tokens": 197, "completion_tokens": 7, "total_tokens": 204, "token_count_source": "tokenizer", "diffusion_steps": null, "flops_estimate": null, "flops_arch": null, "flops_model_params": null, "flops_active_params": null, "tokens_non_final": 3, "tokens_reasoning": 0, "tokens_response": 3, "elapsed_seconds": 0.23326635360717773, "judgement": "Way off"}
{"id": "basket_sum_000711", "topic": "basket_sum", "subtopic": "decimal_prices", "prompt": "You’re buying 3 items: $16.39, $19.24, $12.71. About how much will you pay (before tax)?", "exact_value": 48.34, "model": "qwen/qwen2.5-3b-instruct", "provider": "transformers", "response": "12.71", "numeric_answer": 12.71, "relative_error": 0.7370707488622259, "thinking_text": null, "has_tool_call": false, "tool_call": null, "usage": {"prompt_tokens": 180, "completion_tokens": 6, "total_tokens": 186, "token_count_source": "tokenizer"}, "decoding": {"temperature": 0.2, "top_p": null, "top_k": null, "max_tokens": 256, "seed": 42}, "prompt_tokens": 180, "completion_tokens": 6, "total_tokens": 186, "token_count_source": "tokenizer", "diffusion_steps": null, "flops_estimate": null, "flops_arch": null, "flops_model_params": null, "flops_active_params": null, "tokens_non_final": 1, "tokens_reasoning": 0, "tokens_response": 1, "elapsed_seconds": 0.21042466163635254, "judgement": "Way off"}
{"id": "basket_sum_000731", "topic": "basket_sum", "subtopic": "decimal_prices", "prompt": "You’re buying 3 items: $17.18, $6.99, $17.00. About how much will you pay (before tax)?", "exact_value": 41.17, "model": "qwen/qwen2.5-3b-instruct", "provider": "transformers", "response": "1700", "numeric_answer": 1700.0, "relative_error": 40.29220306048093, "thinking_text": null, "has_tool_call": false, "tool_call": null, "usage": {"prompt_tokens": 179, "completion_tokens": 5, "total_tokens": 184, "token_count_source": "tokenizer"}, "decoding": {"temperature": 0.2, "top_p": null, "top_k": null, "max_tokens": 256, "seed": 42}, "prompt_tokens": 179, "completion_tokens": 5, "total_tokens": 184, "token_count_source": "tokenizer", "diffusion_steps": null, "flops_estimate": null, "flops_arch": null, "flops_model_params": null, "flops_active_params": null, "tokens_non_final": 1, "tokens_reasoning": 0, "tokens_response": 1, "elapsed_seconds": 0.1701979637145996, "judgement": "Way off"}
{"id": "basket_sum_000751", "topic": "basket_sum", "subtopic": "decimal_prices", "prompt": "You’re buying 6 items: $6.72, $7.37, $7.87, $0.95, $12.05, $13.81. About how much will you pay (before tax)?", "exact_value": 48.77, "model": "qwen/qwen2.5-3b-instruct", "provider": "transformers", "response": "Final answer: 13", "numeric_answer": 13.0, "relative_error": 0.7334426901783884, "thinking_text": null, "has_tool_call": false, "tool_call": null, "usage": {"prompt_tokens": 197, "completion_tokens": 7, "total_tokens": 204, "token_count_source": "tokenizer"}, "decoding": {"temperature": 0.2, "top_p": null, "top_k": null, "max_tokens": 256, "seed": 42}, "prompt_tokens": 197, "completion_tokens": 7, "total_tokens": 204, "token_count_source": "tokenizer", "diffusion_steps": null, "flops_estimate": null, "flops_arch": null, "flops_model_params": null, "flops_active_params": null, "tokens_non_final": 3, "tokens_reasoning": 0, "tokens_response": 3, "elapsed_seconds": 0.23842716217041016, "judgement": "Way off"}
{"id": "basket_sum_000771", "topic": "basket_sum", "subtopic": "decimal_prices", "prompt": "You’re buying 4 items: $10.56, $15.22, $13.18, $10.57. About how much will you pay (before tax)?", "exact_value": 49.53, "model": "qwen/qwen2.5-3b-instruct", "provider": "transformers", "response": "Final answer: 15", "numeric_answer": 15.0, "relative_error": 0.6971532404603271, "thinking_text": null, "has_tool_call": false, "tool_call": null, "usage": {"prompt_tokens": 187, "completion_tokens": 7, "total_tokens": 194, "token_count_source": "tokenizer"}, "decoding": {"temperature": 0.2, "top_p": null, "top_k": null, "max_tokens": 256, "seed": 42}, "prompt_tokens": 187, "completion_tokens": 7, "total_tokens": 194, "token_count_source": "tokenizer", "diffusion_steps": null, "flops_estimate": null, "flops_arch": null, "flops_model_params": null, "flops_active_params": null, "tokens_non_final": 3, "tokens_reasoning": 0, "tokens_response": 3, "elapsed_seconds": 0.2471466064453125, "judgement": "Way off"}
{"id": "basket_sum_000791", "topic": "basket_sum", "subtopic": "decimal_prices", "prompt": "You’re buying 5 items: $7.05, $1.24, $15.87, $18.50, $3.74. About how much will you pay (before tax)?", "exact_value": 46.4, "model": "qwen/qwen2.5-3b-instruct", "provider": "transformers", "response": "Final answer: 150", "numeric_answer": 150.0, "relative_error": 2.2327586206896552, "thinking_text": null, "has_tool_call": false, "tool_call": null, "usage": {"prompt_tokens": 191, "completion_tokens": 8, "total_tokens": 199, "token_count_source": "tokenizer"}, "decoding": {"temperature": 0.2, "top_p": null, "top_k": null, "max_tokens": 256, "seed": 42}, "prompt_tokens": 191, "completion_tokens": 8, "total_tokens": 199, "token_count_source": "tokenizer", "diffusion_steps": null, "flops_estimate": null, "flops_arch": null, "flops_model_params": null, "flops_active_params": null, "tokens_non_final": 3, "tokens_reasoning": 0, "tokens_response": 3, "elapsed_seconds": 0.27614593505859375, "judgement": "Way off"}
{"id": "basket_sum_000811", "topic": "basket_sum", "subtopic": "decimal_prices", "prompt": "You’re buying 4 items: $7.07, $15.16, $10.10, $2.10. About how much will you pay (before tax)?", "exact_value": 34.43, "model": "qwen/qwen2.5-3b-instruct", "provider": "transformers", "response": "Final answer: 10", "numeric_answer": 10.0, "relative_error": 0.7095556200987511, "thinking_text": null, "has_tool_call": false, "tool_call": null, "usage": {"prompt_tokens": 185, "completion_tokens": 7, "total_tokens": 192, "token_count_source": "tokenizer"}, "decoding": {"temperature": 0.2, "top_p": null, "top_k": null, "max_tokens": 256, "seed": 42}, "prompt_tokens": 185, "completion_tokens": 7, "total_tokens": 192, "token_count_source": "tokenizer", "diffusion_steps": null, "flops_estimate": null, "flops_arch": null, "flops_model_params": null, "flops_active_params": null, "tokens_non_final": 3, "tokens_reasoning": 0, "tokens_response": 3, "elapsed_seconds": 0.23357319831848145, "judgement": "Way off"}
{"id": "basket_sum_000831", "topic": "basket_sum", "subtopic": "decimal_prices", "prompt": "You’re buying 6 items: $8.13, $13.09, $5.25, $12.07, $19.77, $5.26. About how much will you pay (before tax)?", "exact_value": 63.57, "model": "qwen/qwen2.5-3b-instruct", "provider": "transformers", "response": "Final answer: 5", "numeric_answer": 5.0, "relative_error": 0.9213465471134182, "thinking_text": null, "has_tool_call": false, "tool_call": null, "usage": {"prompt_tokens": 198, "completion_tokens": 6, "total_tokens": 204, "token_count_source": "tokenizer"}, "decoding": {"temperature": 0.2, "top_p": null, "top_k": null, "max_tokens": 256, "seed": 42}, "prompt_tokens": 198, "completion_tokens": 6, "total_tokens": 204, "token_count_source": "tokenizer", "diffusion_steps": null, "flops_estimate": null, "flops_arch": null, "flops_model_params": null, "flops_active_params": null, "tokens_non_final": 3, "tokens_reasoning": 0, "tokens_response": 3, "elapsed_seconds": 0.208817720413208, "judgement": "Way off"}
{"id": "basket_sum_000851", "topic": "basket_sum", "subtopic": "decimal_prices", "prompt": "You’re buying 6 items: $6.70, $19.75, $2.16, $17.78, $19.85, $3.18. About how much will you pay (before tax)?", "exact_value": 69.42, "model": "qwen/qwen2.5-3b-instruct", "provider": "transformers", "response": "Final answer: 17", "numeric_answer": 17.0, "relative_error": 0.7551138000576203, "thinking_text": null, "has_tool_call": false, "tool_call": null, "usage": {"prompt_tokens": 198, "completion_tokens": 7, "total_tokens": 205, "token_count_source": "tokenizer"}, "decoding": {"temperature": 0.2, "top_p": null, "top_k": null, "max_tokens": 256, "seed": 42}, "prompt_tokens": 198, "completion_tokens": 7, "total_tokens": 205, "token_count_source": "tokenizer", "diffusion_steps": null, "flops_estimate": null, "flops_arch": null, "flops_model_params": null, "flops_active_params": null, "tokens_non_final": 3, "tokens_reasoning": 0, "tokens_response": 3, "elapsed_seconds": 0.24251747131347656, "judgement": "Way off"}
{"id": "basket_sum_000871", "topic": "basket_sum", "subtopic": "decimal_prices", "prompt": "You’re buying 5 items: $19.98, $16.47, $18.86, $13.56, $8.06. About how much will you pay (before tax)?", "exact_value": 76.93, "model": "qwen/qwen2.5-3b-instruct", "provider": "transformers", "response": "13.56", "numeric_answer": 13.56, "relative_error": 0.8237358637722605, "thinking_text": null, "has_tool_call": false, "tool_call": null, "usage": {"prompt_tokens": 193, "completion_tokens": 6, "total_tokens": 199, "token_count_source": "tokenizer"}, "decoding": {"temperature": 0.2, "top_p": null, "top_k": null, "max_tokens": 256, "seed": 42}, "prompt_tokens": 193, "completion_tokens": 6, "total_tokens": 199, "token_count_source": "tokenizer", "diffusion_steps": null, "flops_estimate": null, "flops_arch": null, "flops_model_params": null, "flops_active_params": null, "tokens_non_final": 1, "tokens_reasoning": 0, "tokens_response": 1, "elapsed_seconds": 0.20871567726135254, "judgement": "Way off"}
{"id": "basket_sum_000891", "topic": "basket_sum", "subtopic": "decimal_prices", "prompt": "You’re buying 5 items: $15.60, $16.10, $18.72, $3.22, $13.53. About how much will you pay (before tax)?", "exact_value": 67.17, "model": "qwen/qwen2.5-3b-instruct", "provider": "transformers", "response": "Final answer: 13", "numeric_answer": 13.0, "relative_error": 0.806461217805568, "thinking_text": null, "has_tool_call": false, "tool_call": null, "usage": {"prompt_tokens": 193, "completion_tokens": 7, "total_tokens": 200, "token_count_source": "tokenizer"}, "decoding": {"temperature": 0.2, "top_p": null, "top_k": null, "max_tokens": 256, "seed": 42}, "prompt_tokens": 193, "completion_tokens": 7, "total_tokens": 200, "token_count_source": "tokenizer", "diffusion_steps": null, "flops_estimate": null, "flops_arch": null, "flops_model_params": null, "flops_active_params": null, "tokens_non_final": 3, "tokens_reasoning": 0, "tokens_response": 3, "elapsed_seconds": 0.24048638343811035, "judgement": "Way off"}
{"id": "basket_sum_000911", "topic": "basket_sum", "subtopic": "decimal_prices", "prompt": "You’re buying 5 items: $12.93, $9.34, $1.01, $3.03, $3.13. About how much will you pay (before tax)?", "exact_value": 29.44, "model": "qwen/qwen2.5-3b-instruct", "provider": "transformers", "response": "Final answer: 3", "numeric_answer": 3.0, "relative_error": 0.8980978260869565, "thinking_text": null, "has_tool_call": false, "tool_call": null, "usage": {"prompt_tokens": 190, "completion_tokens": 6, "total_tokens": 196, "token_count_source": "tokenizer"}, "decoding": {"temperature": 0.2, "top_p": null, "top_k": null, "max_tokens": 256, "seed": 42}, "prompt_tokens": 190, "completion_tokens": 6, "total_tokens": 196, "token_count_source": "tokenizer", "diffusion_steps": null, "flops_estimate": null, "flops_arch": null, "flops_model_params": null, "flops_active_params": null, "tokens_non_final": 3, "tokens_reasoning": 0, "tokens_response": 3, "elapsed_seconds": 0.19890213012695312, "judgement": "Way off"}
{"id": "basket_sum_000931", "topic": "basket_sum", "subtopic": "decimal_prices", "prompt": "You’re buying 3 items: $7.76, $7.19, $6.04. About how much will you pay (before tax)?", "exact_value": 20.99, "model": "qwen/qwen2.5-3b-instruct", "provider": "transformers", "response": "6.04", "numeric_answer": 6.04, "relative_error": 0.7122439256788947, "thinking_text": null, "has_tool_call": false, "tool_call": null, "usage": {"prompt_tokens": 177, "completion_tokens": 5, "total_tokens": 182, "token_count_source": "tokenizer"}, "decoding": {"temperature": 0.2, "top_p": null, "top_k": null, "max_tokens": 256, "seed": 42}, "prompt_tokens": 177, "completion_tokens": 5, "total_tokens": 182, "token_count_source": "tokenizer", "diffusion_steps": null, "flops_estimate": null, "flops_arch": null, "flops_model_params": null, "flops_active_params": null, "tokens_non_final": 1, "tokens_reasoning": 0, "tokens_response": 1, "elapsed_seconds": 0.1750955581665039, "judgement": "Way off"}
{"id": "basket_sum_000951", "topic": "basket_sum", "subtopic": "decimal_prices", "prompt": "You’re buying 3 items: $6.36, $10.07, $5.87. About how much will you pay (before tax)?", "exact_value": 22.3, "model": "qwen/qwen2.5-3b-instruct", "provider": "transformers", "response": "Final answer: 5", "numeric_answer": 5.0, "relative_error": 0.7757847533632287, "thinking_text": null, "has_tool_call": false, "tool_call": null, "usage": {"prompt_tokens": 178, "completion_tokens": 6, "total_tokens": 184, "token_count_source": "tokenizer"}, "decoding": {"temperature": 0.2, "top_p": null, "top_k": null, "max_tokens": 256, "seed": 42}, "prompt_tokens": 178, "completion_tokens": 6, "total_tokens": 184, "token_count_source": "tokenizer", "diffusion_steps": null, "flops_estimate": null, "flops_arch": null, "flops_model_params": null, "flops_active_params": null, "tokens_non_final": 3, "tokens_reasoning": 0, "tokens_response": 3, "elapsed_seconds": 0.21227478981018066, "judgement": "Way off"}
{"id": "basket_sum_000971", "topic": "basket_sum", "subtopic": "decimal_prices", "prompt": "You’re buying 6 items: $10.87, $14.23, $19.61, $5.05, $8.97, $1.97. About how much will you pay (before tax)?", "exact_value": 60.7, "model": "qwen/qwen2.5-3b-instruct", "provider": "transformers", "response": "Final answer: 10", "numeric_answer": 10.0, "relative_error": 0.8352553542009885, "thinking_text": null, "has_tool_call": false, "tool_call": null, "usage": {"prompt_tokens": 198, "completion_tokens": 7, "total_tokens": 205, "token_count_source": "tokenizer"}, "decoding": {"temperature": 0.2, "top_p": null, "top_k": null, "max_tokens": 256, "seed": 42}, "prompt_tokens": 198, "completion_tokens": 7, "total_tokens": 205, "token_count_source": "tokenizer", "diffusion_steps": null, "flops_estimate": null, "flops_arch": null, "flops_model_params": null, "flops_active_params": null, "tokens_non_final": 3, "tokens_reasoning": 0, "tokens_response": 3, "elapsed_seconds": 0.23753952980041504, "judgement": "Way off"}
{"id": "basket_sum_000991", "topic": "basket_sum", "subtopic": "decimal_prices", "prompt": "You’re buying 4 items: $11.05, $0.82, $7.46, $12.41. About how much will you pay (before tax)?", "exact_value": 31.74, "model": "qwen/qwen2.5-3b-instruct", "provider": "transformers", "response": "Final answer: 10", "numeric_answer": 10.0, "relative_error": 0.684940138626339, "thinking_text": null, "has_tool_call": false, "tool_call": null, "usage": {"prompt_tokens": 185, "completion_tokens": 7, "total_tokens": 192, "token_count_source": "tokenizer"}, "decoding": {"temperature": 0.2, "top_p": null, "top_k": null, "max_tokens": 256, "seed": 42}, "prompt_tokens": 185, "completion_tokens": 7, "total_tokens": 192, "token_count_source": "tokenizer", "diffusion_steps": null, "flops_estimate": null, "flops_arch": null, "flops_model_params": null, "flops_active_params": null, "tokens_non_final": 3, "tokens_reasoning": 0, "tokens_response": 3, "elapsed_seconds": 0.24890804290771484, "judgement": "Way off"}
{"id": "basket_sum_001011", "topic": "basket_sum", "subtopic": "decimal_prices", "prompt": "You’re buying 3 items: $10.23, $19.81, $5.10. About how much will you pay (before tax)?", "exact_value": 35.14, "model": "qwen/qwen2.5-3b-instruct", "provider": "transformers", "response": "Final answer: 5", "numeric_answer": 5.0, "relative_error": 0.8577120091064314, "thinking_text": null, "has_tool_call": false, "tool_call": null, "usage": {"prompt_tokens": 179, "completion_tokens": 6, "total_tokens": 185, "token_count_source": "tokenizer"}, "decoding": {"temperature": 0.2, "top_p": null, "top_k": null, "max_tokens": 256, "seed": 42}, "prompt_tokens": 179, "completion_tokens": 6, "total_tokens": 185, "token_count_source": "tokenizer", "diffusion_steps": null, "flops_estimate": null, "flops_arch": null, "flops_model_params": null, "flops_active_params": null, "tokens_non_final": 3, "tokens_reasoning": 0, "tokens_response": 3, "elapsed_seconds": 0.2142949104309082, "judgement": "Way off"}
{"id": "basket_sum_001031", "topic": "basket_sum", "subtopic": "decimal_prices", "prompt": "You’re buying 3 items: $12.39, $4.12, $3.87. About how much will you pay (before tax)?", "exact_value": 20.38, "model": "qwen/qwen2.5-3b-instruct", "provider": "transformers", "response": "Final answer: 3", "numeric_answer": 3.0, "relative_error": 0.8527968596663396, "thinking_text": null, "has_tool_call": false, "tool_call": null, "usage": {"prompt_tokens": 178, "completion_tokens": 6, "total_tokens": 184, "token_count_source": "tokenizer"}, "decoding": {"temperature": 0.2, "top_p": null, "top_k": null, "max_tokens": 256, "seed": 42}, "prompt_tokens": 178, "completion_tokens": 6, "total_tokens": 184, "token_count_source": "tokenizer", "diffusion_steps": null, "flops_estimate": null, "flops_arch": null, "flops_model_params": null, "flops_active_params": null, "tokens_non_final": 3, "tokens_reasoning": 0, "tokens_response": 3, "elapsed_seconds": 0.19712471961975098, "judgement": "Way off"}
{"id": "basket_sum_001051", "topic": "basket_sum", "subtopic": "decimal_prices", "prompt": "You’re buying 6 items: $2.66, $1.08, $15.50, $6.73, $17.45, $16.10. About how much will you pay (before tax)?", "exact_value": 59.52, "model": "qwen/qwen2.5-3b-instruct", "provider": "transformers", "response": "Final answer: 1", "numeric_answer": 1.0, "relative_error": 0.9831989247311828, "thinking_text": null, "has_tool_call": false, "tool_call": null, "usage": {"prompt_tokens": 198, "completion_tokens": 6, "total_tokens": 204, "token_count_source": "tokenizer"}, "decoding": {"temperature": 0.2, "top_p": null, "top_k": null, "max_tokens": 256, "seed": 42}, "prompt_tokens": 198, "completion_tokens": 6, "total_tokens": 204, "token_count_source": "tokenizer", "diffusion_steps": null, "flops_estimate": null, "flops_arch": null, "flops_model_params": null, "flops_active_params": null, "tokens_non_final": 3, "tokens_reasoning": 0, "tokens_response": 3, "elapsed_seconds": 0.20970606803894043, "judgement": "Way off"}
{"id": "basket_sum_001071", "topic": "basket_sum", "subtopic": "decimal_prices", "prompt": "You’re buying 4 items: $7.01, $19.73, $18.82, $15.05. About how much will you pay (before tax)?", "exact_value": 60.61, "model": "qwen/qwen2.5-3b-instruct", "provider": "transformers", "response": "Final answer: 18", "numeric_answer": 18.0, "relative_error": 0.7030193037452566, "thinking_text": null, "has_tool_call": false, "tool_call": null, "usage": {"prompt_tokens": 186, "completion_tokens": 7, "total_tokens": 193, "token_count_source": "tokenizer"}, "decoding": {"temperature": 0.2, "top_p": null, "top_k": null, "max_tokens": 256, "seed": 42}, "prompt_tokens": 186, "completion_tokens": 7, "total_tokens": 193, "token_count_source": "tokenizer", "diffusion_steps": null, "flops_estimate": null, "flops_arch": null, "flops_model_params": null, "flops_active_params": null, "tokens_non_final": 3, "tokens_reasoning": 0, "tokens_response": 3, "elapsed_seconds": 0.24979877471923828, "judgement": "Way off"}
{"id": "basket_sum_001091", "topic": "basket_sum", "subtopic": "decimal_prices", "prompt": "You’re buying 6 items: $5.22, $14.42, $3.22, $3.06, $11.87, $8.32. About how much will you pay (before tax)?", "exact_value": 46.11, "model": "qwen/qwen2.5-3b-instruct", "provider": "transformers", "response": "Final answer: 3", "numeric_answer": 3.0, "relative_error": 0.9349381912817176, "thinking_text": null, "has_tool_call": false, "tool_call": null, "usage": {"prompt_tokens": 197, "completion_tokens": 6, "total_tokens": 203, "token_count_source": "tokenizer"}, "decoding": {"temperature": 0.2, "top_p": null, "top_k": null, "max_tokens": 256, "seed": 42}, "prompt_tokens": 197, "completion_tokens": 6, "total_tokens": 203, "token_count_source": "tokenizer", "diffusion_steps": null, "flops_estimate": null, "flops_arch": null, "flops_model_params": null, "flops_active_params": null, "tokens_non_final": 3, "tokens_reasoning": 0, "tokens_response": 3, "elapsed_seconds": 0.19600534439086914, "judgement": "Way off"}
{"id": "basket_sum_001111", "topic": "basket_sum", "subtopic": "decimal_prices", "prompt": "You’re buying 4 items: $19.10, $10.16, $17.74, $8.93. About how much will you pay (before tax)?", "exact_value": 55.93, "model": "qwen/qwen2.5-3b-instruct", "provider": "transformers", "response": "Final answer: 10", "numeric_answer": 10.0, "relative_error": 0.8212050777757912, "thinking_text": null, "has_tool_call": false, "tool_call": null, "usage": {"prompt_tokens": 186, "completion_tokens": 7, "total_tokens": 193, "token_count_source": "tokenizer"}, "decoding": {"temperature": 0.2, "top_p": null, "top_k": null, "max_tokens": 256, "seed": 42}, "prompt_tokens": 186, "completion_tokens": 7, "total_tokens": 193, "token_count_source": "tokenizer", "diffusion_steps": null, "flops_estimate": null, "flops_arch": null, "flops_model_params": null, "flops_active_params": null, "tokens_non_final": 3, "tokens_reasoning": 0, "tokens_response": 3, "elapsed_seconds": 0.24324989318847656, "judgement": "Way off"}
{"id": "basket_sum_001131", "topic": "basket_sum", "subtopic": "decimal_prices", "prompt": "You’re buying 3 items: $18.72, $17.46, $5.78. About how much will you pay (before tax)?", "exact_value": 41.96, "model": "qwen/qwen2.5-3b-instruct", "provider": "transformers", "response": "17.46", "numeric_answer": 17.46, "relative_error": 0.5838894184938036, "thinking_text": null, "has_tool_call": false, "tool_call": null, "usage": {"prompt_tokens": 179, "completion_tokens": 6, "total_tokens": 185, "token_count_source": "tokenizer"}, "decoding": {"temperature": 0.2, "top_p": null, "top_k": null, "max_tokens": 256, "seed": 42}, "prompt_tokens": 179, "completion_tokens": 6, "total_tokens": 185, "token_count_source": "tokenizer", "diffusion_steps": null, "flops_estimate": null, "flops_arch": null, "flops_model_params": null, "flops_active_params": null, "tokens_non_final": 1, "tokens_reasoning": 0, "tokens_response": 1, "elapsed_seconds": 0.22014236450195312, "judgement": "Mildly off"}
{"id": "basket_sum_001151", "topic": "basket_sum", "subtopic": "decimal_prices", "prompt": "You’re buying 6 items: $8.31, $2.74, $14.88, $17.68, $5.94, $4.74. About how much will you pay (before tax)?", "exact_value": 54.29, "model": "qwen/qwen2.5-3b-instruct", "provider": "transformers", "response": "Final answer: 10", "numeric_answer": 10.0, "relative_error": 0.8158040154724627, "thinking_text": null, "has_tool_call": false, "tool_call": null, "usage": {"prompt_tokens": 197, "completion_tokens": 7, "total_tokens": 204, "token_count_source": "tokenizer"}, "decoding": {"temperature": 0.2, "top_p": null, "top_k": null, "max_tokens": 256, "seed": 42}, "prompt_tokens": 197, "completion_tokens": 7, "total_tokens": 204, "token_count_source": "tokenizer", "diffusion_steps": null, "flops_estimate": null, "flops_arch": null, "flops_model_params": null, "flops_active_params": null, "tokens_non_final": 3, "tokens_reasoning": 0, "tokens_response": 3, "elapsed_seconds": 0.23108339309692383, "judgement": "Way off"}
{"id": "basket_sum_001171", "topic": "basket_sum", "subtopic": "decimal_prices", "prompt": "You’re buying 3 items: $10.17, $0.89, $7.55. About how much will you pay (before tax)?", "exact_value": 18.61, "model": "qwen/qwen2.5-3b-instruct", "provider": "transformers", "response": "Final answer: 7", "numeric_answer": 7.0, "relative_error": 0.6238581407845244, "thinking_text": null, "has_tool_call": false, "tool_call": null, "usage": {"prompt_tokens": 178, "completion_tokens": 6, "total_tokens": 184, "token_count_source": "tokenizer"}, "decoding": {"temperature": 0.2, "top_p": null, "top_k": null, "max_tokens": 256, "seed": 42}, "prompt_tokens": 178, "completion_tokens": 6, "total_tokens": 184, "token_count_source": "tokenizer", "diffusion_steps": null, "flops_estimate": null, "flops_arch": null, "flops_model_params": null, "flops_active_params": null, "tokens_non_final": 3, "tokens_reasoning": 0, "tokens_response": 3, "elapsed_seconds": 0.20954179763793945, "judgement": "Way off"}
{"id": "basket_sum_001191", "topic": "basket_sum", "subtopic": "decimal_prices", "prompt": "You’re buying 5 items: $16.57, $13.87, $17.29, $12.64, $9.09. About how much will you pay (before tax)?", "exact_value": 69.46, "model": "qwen/qwen2.5-3b-instruct", "provider": "transformers", "response": "Final answer: 16", "numeric_answer": 16.0, "relative_error": 0.7696515980420385, "thinking_text": null, "has_tool_call": false, "tool_call": null, "usage": {"prompt_tokens": 193, "completion_tokens": 7, "total_tokens": 200, "token_count_source": "tokenizer"}, "decoding": {"temperature": 0.2, "top_p": null, "top_k": null, "max_tokens": 256, "seed": 42}, "prompt_tokens": 193, "completion_tokens": 7, "total_tokens": 200, "token_count_source": "tokenizer", "diffusion_steps": null, "flops_estimate": null, "flops_arch": null, "flops_model_params": null, "flops_active_params": null, "tokens_non_final": 3, "tokens_reasoning": 0, "tokens_response": 3, "elapsed_seconds": 0.24292945861816406, "judgement": "Way off"}
{"id": "basket_sum_001211", "topic": "basket_sum", "subtopic": "decimal_prices", "prompt": "You’re buying 4 items: $2.44, $1.26, $19.22, $2.64. About how much will you pay (before tax)?", "exact_value": 25.56, "model": "qwen/qwen2.5-3b-instruct", "provider": "transformers", "response": "Final answer: 2", "numeric_answer": 2.0, "relative_error": 0.9217527386541471, "thinking_text": null, "has_tool_call": false, "tool_call": null, "usage": {"prompt_tokens": 184, "completion_tokens": 6, "total_tokens": 190, "token_count_source": "tokenizer"}, "decoding": {"temperature": 0.2, "top_p": null, "top_k": null, "max_tokens": 256, "seed": 42}, "prompt_tokens": 184, "completion_tokens": 6, "total_tokens": 190, "token_count_source": "tokenizer", "diffusion_steps": null, "flops_estimate": null, "flops_arch": null, "flops_model_params": null, "flops_active_params": null, "tokens_non_final": 3, "tokens_reasoning": 0, "tokens_response": 3, "elapsed_seconds": 0.20870590209960938, "judgement": "Way off"}
{"id": "basket_sum_001231", "topic": "basket_sum", "subtopic": "decimal_prices", "prompt": "You’re buying 5 items: $4.51, $9.17, $1.90, $5.25, $12.09. About how much will you pay (before tax)?", "exact_value": 32.92, "model": "qwen/qwen2.5-3b-instruct", "provider": "transformers", "response": "Final answer: 12", "numeric_answer": 12.0, "relative_error": 0.6354799513973268, "thinking_text": null, "has_tool_call": false, "tool_call": null, "usage": {"prompt_tokens": 190, "completion_tokens": 7, "total_tokens": 197, "token_count_source": "tokenizer"}, "decoding": {"temperature": 0.2, "top_p": null, "top_k": null, "max_tokens": 256, "seed": 42}, "prompt_tokens": 190, "completion_tokens": 7, "total_tokens": 197, "token_count_source": "tokenizer", "diffusion_steps": null, "flops_estimate": null, "flops_arch": null, "flops_model_params": null, "flops_active_params": null, "tokens_non_final": 3, "tokens_reasoning": 0, "tokens_response": 3, "elapsed_seconds": 0.254854679107666, "judgement": "Way off"}
{"id": "basket_sum_001251", "topic": "basket_sum", "subtopic": "decimal_prices", "prompt": "You’re buying 5 items: $3.91, $8.11, $15.11, $18.54, $3.32. About how much will you pay (before tax)?", "exact_value": 48.99, "model": "qwen/qwen2.5-3b-instruct", "provider": "transformers", "response": "Final answer: 3", "numeric_answer": 3.0, "relative_error": 0.9387630128597673, "thinking_text": null, "has_tool_call": false, "tool_call": null, "usage": {"prompt_tokens": 191, "completion_tokens": 6, "total_tokens": 197, "token_count_source": "tokenizer"}, "decoding": {"temperature": 0.2, "top_p": null, "top_k": null, "max_tokens": 256, "seed": 42}, "prompt_tokens": 191, "completion_tokens": 6, "total_tokens": 197, "token_count_source": "tokenizer", "diffusion_steps": null, "flops_estimate": null, "flops_arch": null, "flops_model_params": null, "flops_active_params": null, "tokens_non_final": 3, "tokens_reasoning": 0, "tokens_response": 3, "elapsed_seconds": 0.20717740058898926, "judgement": "Way off"}
{"id": "basket_sum_001271", "topic": "basket_sum", "subtopic": "decimal_prices", "prompt": "You’re buying 6 items: $11.14, $3.12, $17.66, $16.12, $12.45, $13.45. About how much will you pay (before tax)?", "exact_value": 73.94, "model": "qwen/qwen2.5-3b-instruct", "provider": "transformers", "response": "Final answer: 13", "numeric_answer": 13.0, "relative_error": 0.8241817690018934, "thinking_text": null, "has_tool_call": false, "tool_call": null, "usage": {"prompt_tokens": 200, "completion_tokens": 7, "total_tokens": 207, "token_count_source": "tokenizer"}, "decoding": {"temperature": 0.2, "top_p": null, "top_k": null, "max_tokens": 256, "seed": 42}, "prompt_tokens": 200, "completion_tokens": 7, "total_tokens": 207, "token_count_source": "tokenizer", "diffusion_steps": null, "flops_estimate": null, "flops_arch": null, "flops_model_params": null, "flops_active_params": null, "tokens_non_final": 3, "tokens_reasoning": 0, "tokens_response": 3, "elapsed_seconds": 0.24916791915893555, "judgement": "Way off"}
{"id": "basket_sum_001291", "topic": "basket_sum", "subtopic": "decimal_prices", "prompt": "You’re buying 5 items: $18.82, $5.77, $12.43, $2.83, $5.24. About how much will you pay (before tax)?", "exact_value": 45.09, "model": "qwen/qwen2.5-3b-instruct", "provider": "transformers", "response": "Final answer: 5", "numeric_answer": 5.0, "relative_error": 0.8891106675537813, "thinking_text": null, "has_tool_call": false, "tool_call": null, "usage": {"prompt_tokens": 191, "completion_tokens": 6, "total_tokens": 197, "token_count_source": "tokenizer"}, "decoding": {"temperature": 0.2, "top_p": null, "top_k": null, "max_tokens": 256, "seed": 42}, "prompt_tokens": 191, "completion_tokens": 6, "total_tokens": 197, "token_count_source": "tokenizer", "diffusion_steps": null, "flops_estimate": null, "flops_arch": null, "flops_model_params": null, "flops_active_params": null, "tokens_non_final": 3, "tokens_reasoning": 0, "tokens_response": 3, "elapsed_seconds": 0.20752549171447754, "judgement": "Way off"}
{"id": "basket_sum_001311", "topic": "basket_sum", "subtopic": "decimal_prices", "prompt": "You’re buying 5 items: $13.47, $7.46, $8.43, $3.25, $17.73. About how much will you pay (before tax)?", "exact_value": 50.34, "model": "qwen/qwen2.5-3b-instruct", "provider": "transformers", "response": "Final answer: 3", "numeric_answer": 3.0, "relative_error": 0.9404052443384983, "thinking_text": null, "has_tool_call": false, "tool_call": null, "usage": {"prompt_tokens": 191, "completion_tokens": 6, "total_tokens": 197, "token_count_source": "tokenizer"}, "decoding": {"temperature": 0.2, "top_p": null, "top_k": null, "max_tokens": 256, "seed": 42}, "prompt_tokens": 191, "completion_tokens": 6, "total_tokens": 197, "token_count_source": "tokenizer", "diffusion_steps": null, "flops_estimate": null, "flops_arch": null, "flops_model_params": null, "flops_active_params": null, "tokens_non_final": 3, "tokens_reasoning": 0, "tokens_response": 3, "elapsed_seconds": 0.20226407051086426, "judgement": "Way off"}
{"id": "basket_sum_001331", "topic": "basket_sum", "subtopic": "decimal_prices", "prompt": "You’re buying 3 items: $9.47, $11.89, $1.27. About how much will you pay (before tax)?", "exact_value": 22.63, "model": "qwen/qwen2.5-3b-instruct", "provider": "transformers", "response": "Final answer: 127", "numeric_answer": 127.0, "relative_error": 4.612019443216969, "thinking_text": null, "has_tool_call": false, "tool_call": null, "usage": {"prompt_tokens": 178, "completion_tokens": 8, "total_tokens": 186, "token_count_source": "tokenizer"}, "decoding": {"temperature": 0.2, "top_p": null, "top_k": null, "max_tokens": 256, "seed": 42}, "prompt_tokens": 178, "completion_tokens": 8, "total_tokens": 186, "token_count_source": "tokenizer", "diffusion_steps": null, "flops_estimate": null, "flops_arch": null, "flops_model_params": null, "flops_active_params": null, "tokens_non_final": 3, "tokens_reasoning": 0, "tokens_response": 3, "elapsed_seconds": 0.2804255485534668, "judgement": "Way off"}
{"id": "basket_sum_001351", "topic": "basket_sum", "subtopic": "decimal_prices", "prompt": "You’re buying 5 items: $7.84, $15.52, $18.73, $11.56, $13.11. About how much will you pay (before tax)?", "exact_value": 66.76, "model": "qwen/qwen2.5-3b-instruct", "provider": "transformers", "response": "Final answer: 15", "numeric_answer": 15.0, "relative_error": 0.7753145596165368, "thinking_text": null, "has_tool_call": false, "tool_call": null, "usage": {"prompt_tokens": 193, "completion_tokens": 7, "total_tokens": 200, "token_count_source": "tokenizer"}, "decoding": {"temperature": 0.2, "top_p": null, "top_k": null, "max_tokens": 256, "seed": 42}, "prompt_tokens": 193, "completion_tokens": 7, "total_tokens": 200, "token_count_source": "tokenizer", "diffusion_steps": null, "flops_estimate": null, "flops_arch": null, "flops_model_params": null, "flops_active_params": null, "tokens_non_final": 3, "tokens_reasoning": 0, "tokens_response": 3, "elapsed_seconds": 0.24744892120361328, "judgement": "Way off"}
{"id": "basket_sum_001371", "topic": "basket_sum", "subtopic": "decimal_prices", "prompt": "You’re buying 3 items: $1.87, $13.03, $1.99. About how much will you pay (before tax)?", "exact_value": 16.89, "model": "qwen/qwen2.5-3b-instruct", "provider": "transformers", "response": "1.99", "numeric_answer": 1.99, "relative_error": 0.8821788040260509, "thinking_text": null, "has_tool_call": false, "tool_call": null, "usage": {"prompt_tokens": 178, "completion_tokens": 5, "total_tokens": 183, "token_count_source": "tokenizer"}, "decoding": {"temperature": 0.2, "top_p": null, "top_k": null, "max_tokens": 256, "seed": 42}, "prompt_tokens": 178, "completion_tokens": 5, "total_tokens": 183, "token_count_source": "tokenizer", "diffusion_steps": null, "flops_estimate": null, "flops_arch": null, "flops_model_params": null, "flops_active_params": null, "tokens_non_final": 1, "tokens_reasoning": 0, "tokens_response": 1, "elapsed_seconds": 0.17868614196777344, "judgement": "Way off"}
{"id": "basket_sum_001391", "topic": "basket_sum", "subtopic": "decimal_prices", "prompt": "You’re buying 5 items: $7.94, $8.05, $12.09, $1.44, $14.25. About how much will you pay (before tax)?", "exact_value": 43.77, "model": "qwen/qwen2.5-3b-instruct", "provider": "transformers", "response": "Final answer: 14", "numeric_answer": 14.0, "relative_error": 0.6801462188713732, "thinking_text": null, "has_tool_call": false, "tool_call": null, "usage": {"prompt_tokens": 191, "completion_tokens": 7, "total_tokens": 198, "token_count_source": "tokenizer"}, "decoding": {"temperature": 0.2, "top_p": null, "top_k": null, "max_tokens": 256, "seed": 42}, "prompt_tokens": 191, "completion_tokens": 7, "total_tokens": 198, "token_count_source": "tokenizer", "diffusion_steps": null, "flops_estimate": null, "flops_arch": null, "flops_model_params": null, "flops_active_params": null, "tokens_non_final": 3, "tokens_reasoning": 0, "tokens_response": 3, "elapsed_seconds": 0.23373007774353027, "judgement": "Way off"}
{"id": "basket_sum_001411", "topic": "basket_sum", "subtopic": "decimal_prices", "prompt": "You’re buying 4 items: $6.59, $2.57, $8.16, $4.24. About how much will you pay (before tax)?", "exact_value": 21.56, "model": "qwen/qwen2.5-3b-instruct", "provider": "transformers", "response": "Final answer: 4", "numeric_answer": 4.0, "relative_error": 0.8144712430426716, "thinking_text": null, "has_tool_call": false, "tool_call": null, "usage": {"prompt_tokens": 183, "completion_tokens": 6, "total_tokens": 189, "token_count_source": "tokenizer"}, "decoding": {"temperature": 0.2, "top_p": null, "top_k": null, "max_tokens": 256, "seed": 42}, "prompt_tokens": 183, "completion_tokens": 6, "total_tokens": 189, "token_count_source": "tokenizer", "diffusion_steps": null, "flops_estimate": null, "flops_arch": null, "flops_model_params": null, "flops_active_params": null, "tokens_non_final": 3, "tokens_reasoning": 0, "tokens_response": 3, "elapsed_seconds": 0.2129826545715332, "judgement": "Way off"}
{"id": "basket_sum_001431", "topic": "basket_sum", "subtopic": "decimal_prices", "prompt": "You’re buying 4 items: $11.75, $19.89, $12.61, $11.14. About how much will you pay (before tax)?", "exact_value": 55.39, "model": "qwen/qwen2.5-3b-instruct", "provider": "transformers", "response": "Final answer: 12", "numeric_answer": 12.0, "relative_error": 0.7833543961003792, "thinking_text": null, "has_tool_call": false, "tool_call": null, "usage": {"prompt_tokens": 187, "completion_tokens": 7, "total_tokens": 194, "token_count_source": "tokenizer"}, "decoding": {"temperature": 0.2, "top_p": null, "top_k": null, "max_tokens": 256, "seed": 42}, "prompt_tokens": 187, "completion_tokens": 7, "total_tokens": 194, "token_count_source": "tokenizer", "diffusion_steps": null, "flops_estimate": null, "flops_arch": null, "flops_model_params": null, "flops_active_params": null, "tokens_non_final": 3, "tokens_reasoning": 0, "tokens_response": 3, "elapsed_seconds": 0.24195504188537598, "judgement": "Way off"}
{"id": "basket_sum_001451", "topic": "basket_sum", "subtopic": "decimal_prices", "prompt": "You’re buying 6 items: $19.50, $8.67, $13.01, $12.67, $3.45, $12.69. About how much will you pay (before tax)?", "exact_value": 69.99, "model": "qwen/qwen2.5-3b-instruct", "provider": "transformers", "response": "Final answer: 1301", "numeric_answer": 1301.0, "relative_error": 17.588369767109587, "thinking_text": null, "has_tool_call": false, "tool_call": null, "usage": {"prompt_tokens": 199, "completion_tokens": 9, "total_tokens": 208, "token_count_source": "tokenizer"}, "decoding": {"temperature": 0.2, "top_p": null, "top_k": null, "max_tokens": 256, "seed": 42}, "prompt_tokens": 199, "completion_tokens": 9, "total_tokens": 208, "token_count_source": "tokenizer", "diffusion_steps": null, "flops_estimate": null, "flops_arch": null, "flops_model_params": null, "flops_active_params": null, "tokens_non_final": 3, "tokens_reasoning": 0, "tokens_response": 3, "elapsed_seconds": 0.3131139278411865, "judgement": "Way off"}
{"id": "basket_sum_001471", "topic": "basket_sum", "subtopic": "decimal_prices", "prompt": "You’re buying 5 items: $9.92, $9.24, $6.45, $15.07, $14.14. About how much will you pay (before tax)?", "exact_value": 54.82, "model": "qwen/qwen2.5-3b-instruct", "provider": "transformers", "response": "Final answer: 15", "numeric_answer": 15.0, "relative_error": 0.7263772345859175, "thinking_text": null, "has_tool_call": false, "tool_call": null, "usage": {"prompt_tokens": 191, "completion_tokens": 7, "total_tokens": 198, "token_count_source": "tokenizer"}, "decoding": {"temperature": 0.2, "top_p": null, "top_k": null, "max_tokens": 256, "seed": 42}, "prompt_tokens": 191, "completion_tokens": 7, "total_tokens": 198, "token_count_source": "tokenizer", "diffusion_steps": null, "flops_estimate": null, "flops_arch": null, "flops_model_params": null, "flops_active_params": null, "tokens_non_final": 3, "tokens_reasoning": 0, "tokens_response": 3, "elapsed_seconds": 0.2436668872833252, "judgement": "Way off"}
{"id": "basket_sum_001491", "topic": "basket_sum", "subtopic": "decimal_prices", "prompt": "You’re buying 6 items: $10.66, $19.06, $6.54, $17.44, $5.57, $6.08. About how much will you pay (before tax)?", "exact_value": 65.35, "model": "qwen/qwen2.5-3b-instruct", "provider": "transformers", "response": "Final answer: 6", "numeric_answer": 6.0, "relative_error": 0.9081866870696251, "thinking_text": null, "has_tool_call": false, "tool_call": null, "usage": {"prompt_tokens": 198, "completion_tokens": 6, "total_tokens": 204, "token_count_source": "tokenizer"}, "decoding": {"temperature": 0.2, "top_p": null, "top_k": null, "max_tokens": 256, "seed": 42}, "prompt_tokens": 198, "completion_tokens": 6, "total_tokens": 204, "token_count_source": "tokenizer", "diffusion_steps": null, "flops_estimate": null, "flops_arch": null, "flops_model_params": null, "flops_active_params": null, "tokens_non_final": 3, "tokens_reasoning": 0, "tokens_response": 3, "elapsed_seconds": 0.20763516426086426, "judgement": "Way off"}
{"id": "basket_sum_001511", "topic": "basket_sum", "subtopic": "decimal_prices", "prompt": "You’re buying 3 items: $3.49, $15.57, $17.51. About how much will you pay (before tax)?", "exact_value": 36.57, "model": "qwen/qwen2.5-3b-instruct", "provider": "transformers", "response": "1751", "numeric_answer": 1751.0, "relative_error": 46.88077659283566, "thinking_text": null, "has_tool_call": false, "tool_call": null, "usage": {"prompt_tokens": 179, "completion_tokens": 5, "total_tokens": 184, "token_count_source": "tokenizer"}, "decoding": {"temperature": 0.2, "top_p": null, "top_k": null, "max_tokens": 256, "seed": 42}, "prompt_tokens": 179, "completion_tokens": 5, "total_tokens": 184, "token_count_source": "tokenizer", "diffusion_steps": null, "flops_estimate": null, "flops_arch": null, "flops_model_params": null, "flops_active_params": null, "tokens_non_final": 1, "tokens_reasoning": 0, "tokens_response": 1, "elapsed_seconds": 0.17498493194580078, "judgement": "Way off"}
{"id": "basket_sum_001531", "topic": "basket_sum", "subtopic": "decimal_prices", "prompt": "You’re buying 3 items: $9.37, $8.45, $4.74. About how much will you pay (before tax)?", "exact_value": 22.56, "model": "qwen/qwen2.5-3b-instruct", "provider": "transformers", "response": "Final answer: 4", "numeric_answer": 4.0, "relative_error": 0.8226950354609929, "thinking_text": null, "has_tool_call": false, "tool_call": null, "usage": {"prompt_tokens": 177, "completion_tokens": 6, "total_tokens": 183, "token_count_source": "tokenizer"}, "decoding": {"temperature": 0.2, "top_p": null, "top_k": null, "max_tokens": 256, "seed": 42}, "prompt_tokens": 177, "completion_tokens": 6, "total_tokens": 183, "token_count_source": "tokenizer", "diffusion_steps": null, "flops_estimate": null, "flops_arch": null, "flops_model_params": null, "flops_active_params": null, "tokens_non_final": 3, "tokens_reasoning": 0, "tokens_response": 3, "elapsed_seconds": 0.20458197593688965, "judgement": "Way off"}
{"id": "basket_sum_001551", "topic": "basket_sum", "subtopic": "decimal_prices", "prompt": "You’re buying 4 items: $3.21, $10.67, $16.25, $3.53. About how much will you pay (before tax)?", "exact_value": 33.66, "model": "qwen/qwen2.5-3b-instruct", "provider": "transformers", "response": "Final answer: 3", "numeric_answer": 3.0, "relative_error": 0.910873440285205, "thinking_text": null, "has_tool_call": false, "tool_call": null, "usage": {"prompt_tokens": 185, "completion_tokens": 6, "total_tokens": 191, "token_count_source": "tokenizer"}, "decoding": {"temperature": 0.2, "top_p": null, "top_k": null, "max_tokens": 256, "seed": 42}, "prompt_tokens": 185, "completion_tokens": 6, "total_tokens": 191, "token_count_source": "tokenizer", "diffusion_steps": null, "flops_estimate": null, "flops_arch": null, "flops_model_params": null, "flops_active_params": null, "tokens_non_final": 3, "tokens_reasoning": 0, "tokens_response": 3, "elapsed_seconds": 0.20846056938171387, "judgement": "Way off"}
{"id": "basket_sum_001571", "topic": "basket_sum", "subtopic": "decimal_prices", "prompt": "You’re buying 3 items: $19.20, $19.01, $6.48. About how much will you pay (before tax)?", "exact_value": 44.69, "model": "qwen/qwen2.5-3b-instruct", "provider": "transformers", "response": "6.48", "numeric_answer": 6.48, "relative_error": 0.8550011188185276, "thinking_text": null, "has_tool_call": false, "tool_call": null, "usage": {"prompt_tokens": 179, "completion_tokens": 5, "total_tokens": 184, "token_count_source": "tokenizer"}, "decoding": {"temperature": 0.2, "top_p": null, "top_k": null, "max_tokens": 256, "seed": 42}, "prompt_tokens": 179, "completion_tokens": 5, "total_tokens": 184, "token_count_source": "tokenizer", "diffusion_steps": null, "flops_estimate": null, "flops_arch": null, "flops_model_params": null, "flops_active_params": null, "tokens_non_final": 1, "tokens_reasoning": 0, "tokens_response": 1, "elapsed_seconds": 0.17826032638549805, "judgement": "Way off"}
{"id": "basket_sum_001591", "topic": "basket_sum", "subtopic": "decimal_prices", "prompt": "You’re buying 3 items: $7.46, $15.92, $17.15. About how much will you pay (before tax)?", "exact_value": 40.53, "model": "qwen/qwen2.5-3b-instruct", "provider": "transformers", "response": "Final answer: 15.92", "numeric_answer": 15.92, "relative_error": 0.6072045398470268, "thinking_text": null, "has_tool_call": false, "tool_call": null, "usage": {"prompt_tokens": 179, "completion_tokens": 10, "total_tokens": 189, "token_count_source": "tokenizer"}, "decoding": {"temperature": 0.2, "top_p": null, "top_k": null, "max_tokens": 256, "seed": 42}, "prompt_tokens": 179, "completion_tokens": 10, "total_tokens": 189, "token_count_source": "tokenizer", "diffusion_steps": null, "flops_estimate": null, "flops_arch": null, "flops_model_params": null, "flops_active_params": null, "tokens_non_final": 3, "tokens_reasoning": 0, "tokens_response": 3, "elapsed_seconds": 0.3346724510192871, "judgement": "Way off"}
{"id": "basket_sum_001611", "topic": "basket_sum", "subtopic": "decimal_prices", "prompt": "You’re buying 5 items: $9.07, $7.79, $18.56, $5.30, $11.17. About how much will you pay (before tax)?", "exact_value": 51.89, "model": "qwen/qwen2.5-3b-instruct", "provider": "transformers", "response": "Final answer: 10", "numeric_answer": 10.0, "relative_error": 0.8072846405858547, "thinking_text": null, "has_tool_call": false, "tool_call": null, "usage": {"prompt_tokens": 191, "completion_tokens": 7, "total_tokens": 198, "token_count_source": "tokenizer"}, "decoding": {"temperature": 0.2, "top_p": null, "top_k": null, "max_tokens": 256, "seed": 42}, "prompt_tokens": 191, "completion_tokens": 7, "total_tokens": 198, "token_count_source": "tokenizer", "diffusion_steps": null, "flops_estimate": null, "flops_arch": null, "flops_model_params": null, "flops_active_params": null, "tokens_non_final": 3, "tokens_reasoning": 0, "tokens_response": 3, "elapsed_seconds": 0.2420482635498047, "judgement": "Way off"}
{"id": "basket_sum_001631", "topic": "basket_sum", "subtopic": "decimal_prices", "prompt": "You’re buying 5 items: $1.32, $18.17, $11.61, $17.29, $19.14. About how much will you pay (before tax)?", "exact_value": 67.53, "model": "qwen/qwen2.5-3b-instruct", "provider": "transformers", "response": "Final answer: 16", "numeric_answer": 16.0, "relative_error": 0.7630682659558715, "thinking_text": null, "has_tool_call": false, "tool_call": null, "usage": {"prompt_tokens": 193, "completion_tokens": 7, "total_tokens": 200, "token_count_source": "tokenizer"}, "decoding": {"temperature": 0.2, "top_p": null, "top_k": null, "max_tokens": 256, "seed": 42}, "prompt_tokens": 193, "completion_tokens": 7, "total_tokens": 200, "token_count_source": "tokenizer", "diffusion_steps": null, "flops_estimate": null, "flops_arch": null, "flops_model_params": null, "flops_active_params": null, "tokens_non_final": 3, "tokens_reasoning": 0, "tokens_response": 3, "elapsed_seconds": 0.24874067306518555, "judgement": "Way off"}
{"id": "basket_sum_001651", "topic": "basket_sum", "subtopic": "decimal_prices", "prompt": "You’re buying 6 items: $4.75, $14.03, $18.54, $0.88, $5.41, $16.41. About how much will you pay (before tax)?", "exact_value": 60.02, "model": "qwen/qwen2.5-3b-instruct", "provider": "transformers", "response": "Final answer: 15", "numeric_answer": 15.0, "relative_error": 0.7500833055648117, "thinking_text": null, "has_tool_call": false, "tool_call": null, "usage": {"prompt_tokens": 198, "completion_tokens": 7, "total_tokens": 205, "token_count_source": "tokenizer"}, "decoding": {"temperature": 0.2, "top_p": null, "top_k": null, "max_tokens": 256, "seed": 42}, "prompt_tokens": 198, "completion_tokens": 7, "total_tokens": 205, "token_count_source": "tokenizer", "diffusion_steps": null, "flops_estimate": null, "flops_arch": null, "flops_model_params": null, "flops_active_params": null, "tokens_non_final": 3, "tokens_reasoning": 0, "tokens_response": 3, "elapsed_seconds": 0.22681474685668945, "judgement": "Way off"}
{"id": "basket_sum_001671", "topic": "basket_sum", "subtopic": "decimal_prices", "prompt": "You’re buying 4 items: $14.69, $6.97, $1.53, $18.10. About how much will you pay (before tax)?", "exact_value": 41.29, "model": "qwen/qwen2.5-3b-instruct", "provider": "transformers", "response": "Final answer: 153", "numeric_answer": 153.0, "relative_error": 2.7054976992007753, "thinking_text": null, "has_tool_call": false, "tool_call": null, "usage": {"prompt_tokens": 185, "completion_tokens": 8, "total_tokens": 193, "token_count_source": "tokenizer"}, "decoding": {"temperature": 0.2, "top_p": null, "top_k": null, "max_tokens": 256, "seed": 42}, "prompt_tokens": 185, "completion_tokens": 8, "total_tokens": 193, "token_count_source": "tokenizer", "diffusion_steps": null, "flops_estimate": null, "flops_arch": null, "flops_model_params": null, "flops_active_params": null, "tokens_non_final": 3, "tokens_reasoning": 0, "tokens_response": 3, "elapsed_seconds": 0.28479623794555664, "judgement": "Way off"}
{"id": "basket_sum_001691", "topic": "basket_sum", "subtopic": "decimal_prices", "prompt": "You’re buying 3 items: $7.15, $2.52, $18.68. About how much will you pay (before tax)?", "exact_value": 28.35, "model": "qwen/qwen2.5-3b-instruct", "provider": "transformers", "response": "Final answer: 2", "numeric_answer": 2.0, "relative_error": 0.9294532627865961, "thinking_text": null, "has_tool_call": false, "tool_call": null, "usage": {"prompt_tokens": 178, "completion_tokens": 6, "total_tokens": 184, "token_count_source": "tokenizer"}, "decoding": {"temperature": 0.2, "top_p": null, "top_k": null, "max_tokens": 256, "seed": 42}, "prompt_tokens": 178, "completion_tokens": 6, "total_tokens": 184, "token_count_source": "tokenizer", "diffusion_steps": null, "flops_estimate": null, "flops_arch": null, "flops_model_params": null, "flops_active_params": null, "tokens_non_final": 3, "tokens_reasoning": 0, "tokens_response": 3, "elapsed_seconds": 0.20902013778686523, "judgement": "Way off"}
{"id": "basket_sum_001711", "topic": "basket_sum", "subtopic": "decimal_prices", "prompt": "You’re buying 3 items: $16.26, $18.33, $17.33. About how much will you pay (before tax)?", "exact_value": 51.92, "model": "qwen/qwen2.5-3b-instruct", "provider": "transformers", "response": "Final answer: 18", "numeric_answer": 18.0, "relative_error": 0.6533127889060093, "thinking_text": null, "has_tool_call": false, "tool_call": null, "usage": {"prompt_tokens": 180, "completion_tokens": 7, "total_tokens": 187, "token_count_source": "tokenizer"}, "decoding": {"temperature": 0.2, "top_p": null, "top_k": null, "max_tokens": 256, "seed": 42}, "prompt_tokens": 180, "completion_tokens": 7, "total_tokens": 187, "token_count_source": "tokenizer", "diffusion_steps": null, "flops_estimate": null, "flops_arch": null, "flops_model_params": null, "flops_active_params": null, "tokens_non_final": 3, "tokens_reasoning": 0, "tokens_response": 3, "elapsed_seconds": 0.23701810836791992, "judgement": "Way off"}
{"id": "basket_sum_001731", "topic": "basket_sum", "subtopic": "decimal_prices", "prompt": "You’re buying 6 items: $7.02, $16.08, $18.94, $8.53, $17.47, $9.71. About how much will you pay (before tax)?", "exact_value": 77.75, "model": "qwen/qwen2.5-3b-instruct", "provider": "transformers", "response": "Final answer: 18", "numeric_answer": 18.0, "relative_error": 0.7684887459807074, "thinking_text": null, "has_tool_call": false, "tool_call": null, "usage": {"prompt_tokens": 198, "completion_tokens": 7, "total_tokens": 205, "token_count_source": "tokenizer"}, "decoding": {"temperature": 0.2, "top_p": null, "top_k": null, "max_tokens": 256, "seed": 42}, "prompt_tokens": 198, "completion_tokens": 7, "total_tokens": 205, "token_count_source": "tokenizer", "diffusion_steps": null, "flops_estimate": null, "flops_arch": null, "flops_model_params": null, "flops_active_params": null, "tokens_non_final": 3, "tokens_reasoning": 0, "tokens_response": 3, "elapsed_seconds": 0.24240756034851074, "judgement": "Way off"}
{"id": "basket_sum_001751", "topic": "basket_sum", "subtopic": "decimal_prices", "prompt": "You’re buying 5 items: $16.63, $10.06, $3.60, $6.03, $6.93. About how much will you pay (before tax)?", "exact_value": 43.25, "model": "qwen/qwen2.5-3b-instruct", "provider": "transformers", "response": "Final answer: 6", "numeric_answer": 6.0, "relative_error": 0.861271676300578, "thinking_text": null, "has_tool_call": false, "tool_call": null, "usage": {"prompt_tokens": 191, "completion_tokens": 6, "total_tokens": 197, "token_count_source": "tokenizer"}, "decoding": {"temperature": 0.2, "top_p": null, "top_k": null, "max_tokens": 256, "seed": 42}, "prompt_tokens": 191, "completion_tokens": 6, "total_tokens": 197, "token_count_source": "tokenizer", "diffusion_steps": null, "flops_estimate": null, "flops_arch": null, "flops_model_params": null, "flops_active_params": null, "tokens_non_final": 3, "tokens_reasoning": 0, "tokens_response": 3, "elapsed_seconds": 0.20534539222717285, "judgement": "Way off"}
{"id": "basket_sum_001771", "topic": "basket_sum", "subtopic": "decimal_prices", "prompt": "You’re buying 3 items: $10.59, $6.35, $1.24. About how much will you pay (before tax)?", "exact_value": 18.18, "model": "qwen/qwen2.5-3b-instruct", "provider": "transformers", "response": "Final answer: 6", "numeric_answer": 6.0, "relative_error": 0.66996699669967, "thinking_text": null, "has_tool_call": false, "tool_call": null, "usage": {"prompt_tokens": 178, "completion_tokens": 6, "total_tokens": 184, "token_count_source": "tokenizer"}, "decoding": {"temperature": 0.2, "top_p": null, "top_k": null, "max_tokens": 256, "seed": 42}, "prompt_tokens": 178, "completion_tokens": 6, "total_tokens": 184, "token_count_source": "tokenizer", "diffusion_steps": null, "flops_estimate": null, "flops_arch": null, "flops_model_params": null, "flops_active_params": null, "tokens_non_final": 3, "tokens_reasoning": 0, "tokens_response": 3, "elapsed_seconds": 0.21686840057373047, "judgement": "Way off"}
{"id": "basket_sum_001791", "topic": "basket_sum", "subtopic": "decimal_prices", "prompt": "You’re buying 6 items: $4.14, $2.95, $14.71, $9.53, $17.81, $14.13. About how much will you pay (before tax)?", "exact_value": 63.27, "model": "qwen/qwen2.5-3b-instruct", "provider": "transformers", "response": "Final answer: 15", "numeric_answer": 15.0, "relative_error": 0.7629208155523945, "thinking_text": null, "has_tool_call": false, "tool_call": null, "usage": {"prompt_tokens": 198, "completion_tokens": 7, "total_tokens": 205, "token_count_source": "tokenizer"}, "decoding": {"temperature": 0.2, "top_p": null, "top_k": null, "max_tokens": 256, "seed": 42}, "prompt_tokens": 198, "completion_tokens": 7, "total_tokens": 205, "token_count_source": "tokenizer", "diffusion_steps": null, "flops_estimate": null, "flops_arch": null, "flops_model_params": null, "flops_active_params": null, "tokens_non_final": 3, "tokens_reasoning": 0, "tokens_response": 3, "elapsed_seconds": 0.25496363639831543, "judgement": "Way off"}
{"id": "basket_sum_001811", "topic": "basket_sum", "subtopic": "decimal_prices", "prompt": "You’re buying 3 items: $10.30, $18.37, $14.13. About how much will you pay (before tax)?", "exact_value": 42.8, "model": "qwen/qwen2.5-3b-instruct", "provider": "transformers", "response": "Final answer: 14", "numeric_answer": 14.0, "relative_error": 0.6728971962616822, "thinking_text": null, "has_tool_call": false, "tool_call": null, "usage": {"prompt_tokens": 180, "completion_tokens": 7, "total_tokens": 187, "token_count_source": "tokenizer"}, "decoding": {"temperature": 0.2, "top_p": null, "top_k": null, "max_tokens": 256, "seed": 42}, "prompt_tokens": 180, "completion_tokens": 7, "total_tokens": 187, "token_count_source": "tokenizer", "diffusion_steps": null, "flops_estimate": null, "flops_arch": null, "flops_model_params": null, "flops_active_params": null, "tokens_non_final": 3, "tokens_reasoning": 0, "tokens_response": 3, "elapsed_seconds": 0.25277209281921387, "judgement": "Way off"}
{"id": "basket_sum_001831", "topic": "basket_sum", "subtopic": "decimal_prices", "prompt": "You’re buying 3 items: $9.20, $7.83, $14.21. About how much will you pay (before tax)?", "exact_value": 31.24, "model": "qwen/qwen2.5-3b-instruct", "provider": "transformers", "response": "Final answer: 14", "numeric_answer": 14.0, "relative_error": 0.5518565941101152, "thinking_text": null, "has_tool_call": false, "tool_call": null, "usage": {"prompt_tokens": 178, "completion_tokens": 7, "total_tokens": 185, "token_count_source": "tokenizer"}, "decoding": {"temperature": 0.2, "top_p": null, "top_k": null, "max_tokens": 256, "seed": 42}, "prompt_tokens": 178, "completion_tokens": 7, "total_tokens": 185, "token_count_source": "tokenizer", "diffusion_steps": null, "flops_estimate": null, "flops_arch": null, "flops_model_params": null, "flops_active_params": null, "tokens_non_final": 3, "tokens_reasoning": 0, "tokens_response": 3, "elapsed_seconds": 0.24762272834777832, "judgement": "Mildly off"}
{"id": "basket_sum_001851", "topic": "basket_sum", "subtopic": "decimal_prices", "prompt": "You’re buying 5 items: $6.62, $11.07, $7.07, $6.71, $19.00. About how much will you pay (before tax)?", "exact_value": 50.47, "model": "qwen/qwen2.5-3b-instruct", "provider": "transformers", "response": "Final answer: 10", "numeric_answer": 10.0, "relative_error": 0.8018624925698434, "thinking_text": null, "has_tool_call": false, "tool_call": null, "usage": {"prompt_tokens": 191, "completion_tokens": 7, "total_tokens": 198, "token_count_source": "tokenizer"}, "decoding": {"temperature": 0.2, "top_p": null, "top_k": null, "max_tokens": 256, "seed": 42}, "prompt_tokens": 191, "completion_tokens": 7, "total_tokens": 198, "token_count_source": "tokenizer", "diffusion_steps": null, "flops_estimate": null, "flops_arch": null, "flops_model_params": null, "flops_active_params": null, "tokens_non_final": 3, "tokens_reasoning": 0, "tokens_response": 3, "elapsed_seconds": 0.24653124809265137, "judgement": "Way off"}
{"id": "basket_sum_001871", "topic": "basket_sum", "subtopic": "decimal_prices", "prompt": "You’re buying 5 items: $6.25, $5.41, $5.02, $12.38, $15.22. About how much will you pay (before tax)?", "exact_value": 44.28, "model": "qwen/qwen2.5-3b-instruct", "provider": "transformers", "response": "Final answer: 5", "numeric_answer": 5.0, "relative_error": 0.8870822041553749, "thinking_text": null, "has_tool_call": false, "tool_call": null, "usage": {"prompt_tokens": 191, "completion_tokens": 6, "total_tokens": 197, "token_count_source": "tokenizer"}, "decoding": {"temperature": 0.2, "top_p": null, "top_k": null, "max_tokens": 256, "seed": 42}, "prompt_tokens": 191, "completion_tokens": 6, "total_tokens": 197, "token_count_source": "tokenizer", "diffusion_steps": null, "flops_estimate": null, "flops_arch": null, "flops_model_params": null, "flops_active_params": null, "tokens_non_final": 3, "tokens_reasoning": 0, "tokens_response": 3, "elapsed_seconds": 0.21290326118469238, "judgement": "Way off"}
{"id": "discounts_000183", "topic": "discounts", "subtopic": "buy_n_get_m", "prompt": "Buy 4 get 1 free on items priced $5.05 each. You take 6 total. About how much do you pay?", "exact_value": 25.25, "model": "qwen/qwen2.5-3b-instruct", "provider": "transformers", "response": "Final answer: 5", "numeric_answer": 5.0, "relative_error": 0.801980198019802, "thinking_text": null, "has_tool_call": false, "tool_call": null, "usage": {"prompt_tokens": 172, "completion_tokens": 6, "total_tokens": 178, "token_count_source": "tokenizer"}, "decoding": {"temperature": 0.2, "top_p": null, "top_k": null, "max_tokens": 256, "seed": 42}, "prompt_tokens": 172, "completion_tokens": 6, "total_tokens": 178, "token_count_source": "tokenizer", "diffusion_steps": null, "flops_estimate": null, "flops_arch": null, "flops_model_params": null, "flops_active_params": null, "tokens_non_final": 3, "tokens_reasoning": 0, "tokens_response": 3, "elapsed_seconds": 0.21584868431091309, "judgement": "Way off"}
{"id": "discounts_000203", "topic": "discounts", "subtopic": "threshold", "prompt": "Threshold coupon applies: $5 off $30+ spend. Cart: $27.77, $19.83, $30.00, $13.61. About how much do you pay?", "exact_value": 86.21, "model": "qwen/qwen2.5-3b-instruct", "provider": "transformers", "response": "Final answer: 3", "numeric_answer": 3.0, "relative_error": 0.9652012527549009, "thinking_text": null, "has_tool_call": false, "tool_call": null, "usage": {"prompt_tokens": 192, "completion_tokens": 6, "total_tokens": 198, "token_count_source": "tokenizer"}, "decoding": {"temperature": 0.2, "top_p": null, "top_k": null, "max_tokens": 256, "seed": 42}, "prompt_tokens": 192, "completion_tokens": 6, "total_tokens": 198, "token_count_source": "tokenizer", "diffusion_steps": null, "flops_estimate": null, "flops_arch": null, "flops_model_params": null, "flops_active_params": null, "tokens_non_final": 3, "tokens_reasoning": 0, "tokens_response": 3, "elapsed_seconds": 0.21424531936645508, "judgement": "Way off"}
{"id": "discounts_000223", "topic": "discounts", "subtopic": "threshold", "prompt": "Threshold coupon applies: $5 off $40+ spend. Cart: $7.86, $25.35, $26.15, $22.93, $33.93. About how much do you pay?", "exact_value": 111.22, "model": "qwen/qwen2.5-3b-instruct", "provider": "transformers", "response": "Final answer: 3", "numeric_answer": 3.0, "relative_error": 0.9730264340945873, "thinking_text": null, "has_tool_call": false, "tool_call": null, "usage": {"prompt_tokens": 198, "completion_tokens": 6, "total_tokens": 204, "token_count_source": "tokenizer"}, "decoding": {"temperature": 0.2, "top_p": null, "top_k": null, "max_tokens": 256, "seed": 42}, "prompt_tokens": 198, "completion_tokens": 6, "total_tokens": 204, "token_count_source": "tokenizer", "diffusion_steps": null, "flops_estimate": null, "flops_arch": null, "flops_model_params": null, "flops_active_params": null, "tokens_non_final": 3, "tokens_reasoning": 0, "tokens_response": 3, "elapsed_seconds": 0.20028901100158691, "judgement": "Way off"}
{"id": "discounts_000243", "topic": "discounts", "subtopic": "percent", "prompt": "Cart: $41.98, $22.60, $24.78, $44.56, $29.87. A 20% discount applies to everything. About how much do you pay?", "exact_value": 131.03, "model": "qwen/qwen2.5-3b-instruct", "provider": "transformers", "response": "Final answer: 44.56", "numeric_answer": 44.56, "relative_error": 0.659925207967641, "thinking_text": null, "has_tool_call": false, "tool_call": null, "usage": {"prompt_tokens": 196, "completion_tokens": 10, "total_tokens": 206, "token_count_source": "tokenizer"}, "decoding": {"temperature": 0.2, "top_p": null, "top_k": null, "max_tokens": 256, "seed": 42}, "prompt_tokens": 196, "completion_tokens": 10, "total_tokens": 206, "token_count_source": "tokenizer", "diffusion_steps": null, "flops_estimate": null, "flops_arch": null, "flops_model_params": null, "flops_active_params": null, "tokens_non_final": 3, "tokens_reasoning": 0, "tokens_response": 3, "elapsed_seconds": 0.3435683250427246, "judgement": "Way off"}
{"id": "discounts_000263", "topic": "discounts", "subtopic": "stacked", "prompt": "Stacked deal: 20% off, then $10 coupon if you spend $50 or more. Cart: $24.93, $20.51, $23.47. About how much do you pay?", "exact_value": 45.13, "model": "qwen/qwen2.5-3b-instruct", "provider": "transformers", "response": "Final answer: 2", "numeric_answer": 2.0, "relative_error": 0.955683580766674, "thinking_text": null, "has_tool_call": false, "tool_call": null, "usage": {"prompt_tokens": 196, "completion_tokens": 6, "total_tokens": 202, "token_count_source": "tokenizer"}, "decoding": {"temperature": 0.2, "top_p": null, "top_k": null, "max_tokens": 256, "seed": 42}, "prompt_tokens": 196, "completion_tokens": 6, "total_tokens": 202, "token_count_source": "tokenizer", "diffusion_steps": null, "flops_estimate": null, "flops_arch": null, "flops_model_params": null, "flops_active_params": null, "tokens_non_final": 3, "tokens_reasoning": 0, "tokens_response": 3, "elapsed_seconds": 0.20866608619689941, "judgement": "Way off"}
{"id": "discounts_000283", "topic": "discounts", "subtopic": "threshold", "prompt": "Threshold coupon applies: $15 off $30+ spend. Cart: $27.33, $21.91, $39.19, $18.59. About how much do you pay?", "exact_value": 92.02, "model": "qwen/qwen2.5-3b-instruct", "provider": "transformers", "response": "Final answer: 3", "numeric_answer": 3.0, "relative_error": 0.9673983916539882, "thinking_text": null, "has_tool_call": false, "tool_call": null, "usage": {"prompt_tokens": 193, "completion_tokens": 6, "total_tokens": 199, "token_count_source": "tokenizer"}, "decoding": {"temperature": 0.2, "top_p": null, "top_k": null, "max_tokens": 256, "seed": 42}, "prompt_tokens": 193, "completion_tokens": 6, "total_tokens": 199, "token_count_source": "tokenizer", "diffusion_steps": null, "flops_estimate": null, "flops_arch": null, "flops_model_params": null, "flops_active_params": null, "tokens_non_final": 3, "tokens_reasoning": 0, "tokens_response": 3, "elapsed_seconds": 0.19521355628967285, "judgement": "Way off"}
{"id": "discounts_000303", "topic": "discounts", "subtopic": "threshold", "prompt": "Threshold coupon applies: $10 off $40+ spend. Cart: $36.04, $15.68, $34.87. About how much do you pay?", "exact_value": 76.59, "model": "qwen/qwen2.5-3b-instruct", "provider": "transformers", "response": "Final answer: 10", "numeric_answer": 10.0, "relative_error": 0.8694346520433477, "thinking_text": null, "has_tool_call": false, "tool_call": null, "usage": {"prompt_tokens": 186, "completion_tokens": 7, "total_tokens": 193, "token_count_source": "tokenizer"}, "decoding": {"temperature": 0.2, "top_p": null, "top_k": null, "max_tokens": 256, "seed": 42}, "prompt_tokens": 186, "completion_tokens": 7, "total_tokens": 193, "token_count_source": "tokenizer", "diffusion_steps": null, "flops_estimate": null, "flops_arch": null, "flops_model_params": null, "flops_active_params": null, "tokens_non_final": 3, "tokens_reasoning": 0, "tokens_response": 3, "elapsed_seconds": 0.23992490768432617, "judgement": "Way off"}
{"id": "discounts_000323", "topic": "discounts", "subtopic": "stacked", "prompt": "Stacked deal: 20% off, then $5 coupon if you spend $50 or more. Cart: $37.30, $35.35, $7.26, $28.69, $36.32, $11.49. About how much do you pay?", "exact_value": 120.13, "model": "qwen/qwen2.5-3b-instruct", "provider": "transformers", "response": "Final answer: 3", "numeric_answer": 3.0, "relative_error": 0.9750270540248065, "thinking_text": null, "has_tool_call": false, "tool_call": null, "usage": {"prompt_tokens": 215, "completion_tokens": 6, "total_tokens": 221, "token_count_source": "tokenizer"}, "decoding": {"temperature": 0.2, "top_p": null, "top_k": null, "max_tokens": 256, "seed": 42}, "prompt_tokens": 215, "completion_tokens": 6, "total_tokens": 221, "token_count_source": "tokenizer", "diffusion_steps": null, "flops_estimate": null, "flops_arch": null, "flops_model_params": null, "flops_active_params": null, "tokens_non_final": 3, "tokens_reasoning": 0, "tokens_response": 3, "elapsed_seconds": 0.21529316902160645, "judgement": "Way off"}
{"id": "discounts_000343", "topic": "discounts", "subtopic": "threshold", "prompt": "Threshold coupon applies: $5 off $30+ spend. Cart: $26.24, $32.30, $4.60, $26.47, $26.89. About how much do you pay?", "exact_value": 111.5, "model": "qwen/qwen2.5-3b-instruct", "provider": "transformers", "response": "Final answer: 26", "numeric_answer": 26.0, "relative_error": 0.7668161434977578, "thinking_text": null, "has_tool_call": false, "tool_call": null, "usage": {"prompt_tokens": 198, "completion_tokens": 7, "total_tokens": 205, "token_count_source": "tokenizer"}, "decoding": {"temperature": 0.2, "top_p": null, "top_k": null, "max_tokens": 256, "seed": 42}, "prompt_tokens": 198, "completion_tokens": 7, "total_tokens": 205, "token_count_source": "tokenizer", "diffusion_steps": null, "flops_estimate": null, "flops_arch": null, "flops_model_params": null, "flops_active_params": null, "tokens_non_final": 3, "tokens_reasoning": 0, "tokens_response": 3, "elapsed_seconds": 0.25249695777893066, "judgement": "Way off"}
{"id": "discounts_000363", "topic": "discounts", "subtopic": "threshold", "prompt": "Threshold coupon applies: $10 off $25+ spend. Cart: $8.84, $27.18, $39.97. About how much do you pay?", "exact_value": 65.99, "model": "qwen/qwen2.5-3b-instruct", "provider": "transformers", "response": "Final answer: 9", "numeric_answer": 9.0, "relative_error": 0.8636156993483861, "thinking_text": null, "has_tool_call": false, "tool_call": null, "usage": {"prompt_tokens": 185, "completion_tokens": 6, "total_tokens": 191, "token_count_source": "tokenizer"}, "decoding": {"temperature": 0.2, "top_p": null, "top_k": null, "max_tokens": 256, "seed": 42}, "prompt_tokens": 185, "completion_tokens": 6, "total_tokens": 191, "token_count_source": "tokenizer", "diffusion_steps": null, "flops_estimate": null, "flops_arch": null, "flops_model_params": null, "flops_active_params": null, "tokens_non_final": 3, "tokens_reasoning": 0, "tokens_response": 3, "elapsed_seconds": 0.21560382843017578, "judgement": "Way off"}
{"id": "discounts_000383", "topic": "discounts", "subtopic": "stacked", "prompt": "Stacked deal: 15% off, then $5 coupon if you spend $40 or more. Cart: $32.36, $39.44, $31.86. About how much do you pay?", "exact_value": 83.11, "model": "qwen/qwen2.5-3b-instruct", "provider": "transformers", "response": "Final answer: 3", "numeric_answer": 3.0, "relative_error": 0.96390326073878, "thinking_text": null, "has_tool_call": false, "tool_call": null, "usage": {"prompt_tokens": 195, "completion_tokens": 6, "total_tokens": 201, "token_count_source": "tokenizer"}, "decoding": {"temperature": 0.2, "top_p": null, "top_k": null, "max_tokens": 256, "seed": 42}, "prompt_tokens": 195, "completion_tokens": 6, "total_tokens": 201, "token_count_source": "tokenizer", "diffusion_steps": null, "flops_estimate": null, "flops_arch": null, "flops_model_params": null, "flops_active_params": null, "tokens_non_final": 3, "tokens_reasoning": 0, "tokens_response": 3, "elapsed_seconds": 0.20517230033874512, "judgement": "Way off"}
{"id": "discounts_000403", "topic": "discounts", "subtopic": "buy_n_get_m", "prompt": "Buy 4 get 3 free on items priced $7.01 each. You take 7 total. About how much do you pay?", "exact_value": 28.04, "model": "qwen/qwen2.5-3b-instruct", "provider": "transformers", "response": "Final answer: 3", "numeric_answer": 3.0, "relative_error": 0.8930099857346647, "thinking_text": null, "has_tool_call": false, "tool_call": null, "usage": {"prompt_tokens": 172, "completion_tokens": 6, "total_tokens": 178, "token_count_source": "tokenizer"}, "decoding": {"temperature": 0.2, "top_p": null, "top_k": null, "max_tokens": 256, "seed": 42}, "prompt_tokens": 172, "completion_tokens": 6, "total_tokens": 178, "token_count_source": "tokenizer", "diffusion_steps": null, "flops_estimate": null, "flops_arch": null, "flops_model_params": null, "flops_active_params": null, "tokens_non_final": 3, "tokens_reasoning": 0, "tokens_response": 3, "elapsed_seconds": 0.20068883895874023, "judgement": "Way off"}
{"id": "discounts_000423", "topic": "discounts", "subtopic": "threshold", "prompt": "Threshold coupon applies: $15 off $50+ spend. Cart: $37.39, $36.57. About how much do you pay?", "exact_value": 58.96, "model": "qwen/qwen2.5-3b-instruct", "provider": "transformers", "response": "Final answer: 36", "numeric_answer": 36.0, "relative_error": 0.3894165535956581, "thinking_text": null, "has_tool_call": false, "tool_call": null, "usage": {"prompt_tokens": 179, "completion_tokens": 7, "total_tokens": 186, "token_count_source": "tokenizer"}, "decoding": {"temperature": 0.2, "top_p": null, "top_k": null, "max_tokens": 256, "seed": 42}, "prompt_tokens": 179, "completion_tokens": 7, "total_tokens": 186, "token_count_source": "tokenizer", "diffusion_steps": null, "flops_estimate": null, "flops_arch": null, "flops_model_params": null, "flops_active_params": null, "tokens_non_final": 3, "tokens_reasoning": 0, "tokens_response": 3, "elapsed_seconds": 0.23696064949035645, "judgement": "Mildly off"}
{"id": "discounts_000443", "topic": "discounts", "subtopic": "threshold", "prompt": "Threshold coupon applies: $10 off $40+ spend. Cart: $11.05, $31.68, $27.63, $4.93, $26.15. About how much do you pay?", "exact_value": 91.44, "model": "qwen/qwen2.5-3b-instruct", "provider": "transformers", "response": "Final answer: 10", "numeric_answer": 10.0, "relative_error": 0.8906386701662292, "thinking_text": null, "has_tool_call": false, "tool_call": null, "usage": {"prompt_tokens": 199, "completion_tokens": 7, "total_tokens": 206, "token_count_source": "tokenizer"}, "decoding": {"temperature": 0.2, "top_p": null, "top_k": null, "max_tokens": 256, "seed": 42}, "prompt_tokens": 199, "completion_tokens": 7, "total_tokens": 206, "token_count_source": "tokenizer", "diffusion_steps": null, "flops_estimate": null, "flops_arch": null, "flops_model_params": null, "flops_active_params": null, "tokens_non_final": 3, "tokens_reasoning": 0, "tokens_response": 3, "elapsed_seconds": 0.2513909339904785, "judgement": "Way off"}
{"id": "discounts_000463", "topic": "discounts", "subtopic": "threshold", "prompt": "Threshold coupon applies: $5 off $30+ spend. Cart: $7.17, $14.56, $7.86, $33.78. About how much do you pay?", "exact_value": 58.37, "model": "qwen/qwen2.5-3b-instruct", "provider": "transformers", "response": "Final answer: 3", "numeric_answer": 3.0, "relative_error": 0.9486037347952715, "thinking_text": null, "has_tool_call": false, "tool_call": null, "usage": {"prompt_tokens": 190, "completion_tokens": 6, "total_tokens": 196, "token_count_source": "tokenizer"}, "decoding": {"temperature": 0.2, "top_p": null, "top_k": null, "max_tokens": 256, "seed": 42}, "prompt_tokens": 190, "completion_tokens": 6, "total_tokens": 196, "token_count_source": "tokenizer", "diffusion_steps": null, "flops_estimate": null, "flops_arch": null, "flops_model_params": null, "flops_active_params": null, "tokens_non_final": 3, "tokens_reasoning": 0, "tokens_response": 3, "elapsed_seconds": 0.2122964859008789, "judgement": "Way off"}
{"id": "discounts_000483", "topic": "discounts", "subtopic": "buy_n_get_m", "prompt": "Buy 3 get 3 free on items priced $2.85 each. You take 7 total. About how much do you pay?", "exact_value": 11.4, "model": "qwen/qwen2.5-3b-instruct", "provider": "transformers", "response": "Final answer: 3", "numeric_answer": 3.0, "relative_error": 0.7368421052631579, "thinking_text": null, "has_tool_call": false, "tool_call": null, "usage": {"prompt_tokens": 172, "completion_tokens": 6, "total_tokens": 178, "token_count_source": "tokenizer"}, "decoding": {"temperature": 0.2, "top_p": null, "top_k": null, "max_tokens": 256, "seed": 42}, "prompt_tokens": 172, "completion_tokens": 6, "total_tokens": 178, "token_count_source": "tokenizer", "diffusion_steps": null, "flops_estimate": null, "flops_arch": null, "flops_model_params": null, "flops_active_params": null, "tokens_non_final": 3, "tokens_reasoning": 0, "tokens_response": 3, "elapsed_seconds": 0.19965648651123047, "judgement": "Way off"}
{"id": "discounts_000503", "topic": "discounts", "subtopic": "stacked", "prompt": "Stacked deal: 20% off, then $5 coupon if you spend $30 or more. Cart: $29.58, $10.92, $29.18, $33.24, $8.11, $38.19. About how much do you pay?", "exact_value": 114.38, "model": "qwen/qwen2.5-3b-instruct", "provider": "transformers", "response": "Final answer: 33", "numeric_answer": 33.0, "relative_error": 0.7114880223815352, "thinking_text": null, "has_tool_call": false, "tool_call": null, "usage": {"prompt_tokens": 215, "completion_tokens": 7, "total_tokens": 222, "token_count_source": "tokenizer"}, "decoding": {"temperature": 0.2, "top_p": null, "top_k": null, "max_tokens": 256, "seed": 42}, "prompt_tokens": 215, "completion_tokens": 7, "total_tokens": 222, "token_count_source": "tokenizer", "diffusion_steps": null, "flops_estimate": null, "flops_arch": null, "flops_model_params": null, "flops_active_params": null, "tokens_non_final": 3, "tokens_reasoning": 0, "tokens_response": 3, "elapsed_seconds": 0.24638986587524414, "judgement": "Way off"}
{"id": "discounts_000523", "topic": "discounts", "subtopic": "bogo", "prompt": "BOGO sale (buy one, get one free; free item is the cheaper one in each pair). Items: $21.23, $17.95, $15.39, $10.11, $8.23, $4.52. About how much do you pay?", "exact_value": 44.85, "model": "qwen/qwen2.5-3b-instruct", "provider": "transformers", "response": "Final answer: 4", "numeric_answer": 4.0, "relative_error": 0.9108138238573021, "thinking_text": null, "has_tool_call": false, "tool_call": null, "usage": {"prompt_tokens": 212, "completion_tokens": 6, "total_tokens": 218, "token_count_source": "tokenizer"}, "decoding": {"temperature": 0.2, "top_p": null, "top_k": null, "max_tokens": 256, "seed": 42}, "prompt_tokens": 212, "completion_tokens": 6, "total_tokens": 218, "token_count_source": "tokenizer", "diffusion_steps": null, "flops_estimate": null, "flops_arch": null, "flops_model_params": null, "flops_active_params": null, "tokens_non_final": 3, "tokens_reasoning": 0, "tokens_response": 3, "elapsed_seconds": 0.19687247276306152, "judgement": "Way off"}
{"id": "discounts_000543", "topic": "discounts", "subtopic": "percent", "prompt": "Cart: $30.85, $43.81, $8.07. A 20% discount applies to everything. About how much do you pay?", "exact_value": 66.18, "model": "qwen/qwen2.5-3b-instruct", "provider": "transformers", "response": "Final answer: 3085", "numeric_answer": 3085.0, "relative_error": 45.6152916288909, "thinking_text": null, "has_tool_call": false, "tool_call": null, "usage": {"prompt_tokens": 181, "completion_tokens": 9, "total_tokens": 190, "token_count_source": "tokenizer"}, "decoding": {"temperature": 0.2, "top_p": null, "top_k": null, "max_tokens": 256, "seed": 42}, "prompt_tokens": 181, "completion_tokens": 9, "total_tokens": 190, "token_count_source": "tokenizer", "diffusion_steps": null, "flops_estimate": null, "flops_arch": null, "flops_model_params": null, "flops_active_params": null, "tokens_non_final": 3, "tokens_reasoning": 0, "tokens_response": 3, "elapsed_seconds": 0.3190040588378906, "judgement": "Way off"}
{"id": "discounts_000563", "topic": "discounts", "subtopic": "threshold", "prompt": "Threshold coupon applies: $5 off $30+ spend. Cart: $4.94, $20.81, $22.55. About how much do you pay?", "exact_value": 43.3, "model": "qwen/qwen2.5-3b-instruct", "provider": "transformers", "response": "Final answer: 4", "numeric_answer": 4.0, "relative_error": 0.9076212471131639, "thinking_text": null, "has_tool_call": false, "tool_call": null, "usage": {"prompt_tokens": 184, "completion_tokens": 6, "total_tokens": 190, "token_count_source": "tokenizer"}, "decoding": {"temperature": 0.2, "top_p": null, "top_k": null, "max_tokens": 256, "seed": 42}, "prompt_tokens": 184, "completion_tokens": 6, "total_tokens": 190, "token_count_source": "tokenizer", "diffusion_steps": null, "flops_estimate": null, "flops_arch": null, "flops_model_params": null, "flops_active_params": null, "tokens_non_final": 3, "tokens_reasoning": 0, "tokens_response": 3, "elapsed_seconds": 0.2136859893798828, "judgement": "Way off"}
{"id": "discounts_000583", "topic": "discounts", "subtopic": "buy_n_get_m", "prompt": "Buy 5 get 3 free on items priced $4.97 each. You take 16 total. About how much do you pay?", "exact_value": 49.7, "model": "qwen/qwen2.5-3b-instruct", "provider": "transformers", "response": "2", "numeric_answer": 2.0, "relative_error": 0.959758551307847, "thinking_text": null, "has_tool_call": false, "tool_call": null, "usage": {"prompt_tokens": 173, "completion_tokens": 2, "total_tokens": 175, "token_count_source": "tokenizer"}, "decoding": {"temperature": 0.2, "top_p": null, "top_k": null, "max_tokens": 256, "seed": 42}, "prompt_tokens": 173, "completion_tokens": 2, "total_tokens": 175, "token_count_source": "tokenizer", "diffusion_steps": null, "flops_estimate": null, "flops_arch": null, "flops_model_params": null, "flops_active_params": null, "tokens_non_final": 1, "tokens_reasoning": 0, "tokens_response": 1, "elapsed_seconds": 0.07345056533813477, "judgement": "Way off"}
{"id": "discounts_000603", "topic": "discounts", "subtopic": "bogo", "prompt": "BOGO sale (buy one, get one free; free item is the cheaper one in each pair). Items: $18.16, $13.58, $11.14, $8.88, $4.45. About how much do you pay?", "exact_value": 33.75, "model": "qwen/qwen2.5-3b-instruct", "provider": "transformers", "response": "Final answer: 4", "numeric_answer": 4.0, "relative_error": 0.8814814814814815, "thinking_text": null, "has_tool_call": false, "tool_call": null, "usage": {"prompt_tokens": 205, "completion_tokens": 6, "total_tokens": 211, "token_count_source": "tokenizer"}, "decoding": {"temperature": 0.2, "top_p": null, "top_k": null, "max_tokens": 256, "seed": 42}, "prompt_tokens": 205, "completion_tokens": 6, "total_tokens": 211, "token_count_source": "tokenizer", "diffusion_steps": null, "flops_estimate": null, "flops_arch": null, "flops_model_params": null, "flops_active_params": null, "tokens_non_final": 3, "tokens_reasoning": 0, "tokens_response": 3, "elapsed_seconds": 0.21545791625976562, "judgement": "Way off"}
{"id": "discounts_000623", "topic": "discounts", "subtopic": "bogo", "prompt": "BOGO sale (buy one, get one free; free item is the cheaper one in each pair). Items: $21.85, $18.63, $17.86, $11.60, $9.53. About how much do you pay?", "exact_value": 49.24, "model": "qwen/qwen2.5-3b-instruct", "provider": "transformers", "response": "Final answer: 160", "numeric_answer": 160.0, "relative_error": 2.249390739236393, "thinking_text": null, "has_tool_call": false, "tool_call": null, "usage": {"prompt_tokens": 206, "completion_tokens": 8, "total_tokens": 214, "token_count_source": "tokenizer"}, "decoding": {"temperature": 0.2, "top_p": null, "top_k": null, "max_tokens": 256, "seed": 42}, "prompt_tokens": 206, "completion_tokens": 8, "total_tokens": 214, "token_count_source": "tokenizer", "diffusion_steps": null, "flops_estimate": null, "flops_arch": null, "flops_model_params": null, "flops_active_params": null, "tokens_non_final": 3, "tokens_reasoning": 0, "tokens_response": 3, "elapsed_seconds": 0.2804069519042969, "judgement": "Way off"}
{"id": "discounts_000643", "topic": "discounts", "subtopic": "buy_n_get_m", "prompt": "Buy 5 get 1 free on items priced $4.62 each. You take 12 total. About how much do you pay?", "exact_value": 46.2, "model": "qwen/qwen2.5-3b-instruct", "provider": "transformers", "response": "Final answer: 3", "numeric_answer": 3.0, "relative_error": 0.935064935064935, "thinking_text": null, "has_tool_call": false, "tool_call": null, "usage": {"prompt_tokens": 173, "completion_tokens": 6, "total_tokens": 179, "token_count_source": "tokenizer"}, "decoding": {"temperature": 0.2, "top_p": null, "top_k": null, "max_tokens": 256, "seed": 42}, "prompt_tokens": 173, "completion_tokens": 6, "total_tokens": 179, "token_count_source": "tokenizer", "diffusion_steps": null, "flops_estimate": null, "flops_arch": null, "flops_model_params": null, "flops_active_params": null, "tokens_non_final": 3, "tokens_reasoning": 0, "tokens_response": 3, "elapsed_seconds": 0.2148447036743164, "judgement": "Way off"}
{"id": "discounts_000663", "topic": "discounts", "subtopic": "stacked", "prompt": "Stacked deal: 15% off, then $5 coupon if you spend $50 or more. Cart: $16.58, $23.77, $10.19. About how much do you pay?", "exact_value": 42.96, "model": "qwen/qwen2.5-3b-instruct", "provider": "transformers", "response": "Final answer: 10", "numeric_answer": 10.0, "relative_error": 0.7672253258845437, "thinking_text": null, "has_tool_call": false, "tool_call": null, "usage": {"prompt_tokens": 195, "completion_tokens": 7, "total_tokens": 202, "token_count_source": "tokenizer"}, "decoding": {"temperature": 0.2, "top_p": null, "top_k": null, "max_tokens": 256, "seed": 42}, "prompt_tokens": 195, "completion_tokens": 7, "total_tokens": 202, "token_count_source": "tokenizer", "diffusion_steps": null, "flops_estimate": null, "flops_arch": null, "flops_model_params": null, "flops_active_params": null, "tokens_non_final": 3, "tokens_reasoning": 0, "tokens_response": 3, "elapsed_seconds": 0.24633407592773438, "judgement": "Way off"}
{"id": "discounts_000683", "topic": "discounts", "subtopic": "percent", "prompt": "Cart: $27.44, $47.42, $41.38, $11.58, $35.37. A 25% discount applies to everything. About how much do you pay?", "exact_value": 122.39, "model": "qwen/qwen2.5-3b-instruct", "provider": "transformers", "response": "Final answer: 27", "numeric_answer": 27.0, "relative_error": 0.7793937413187352, "thinking_text": null, "has_tool_call": false, "tool_call": null, "usage": {"prompt_tokens": 196, "completion_tokens": 7, "total_tokens": 203, "token_count_source": "tokenizer"}, "decoding": {"temperature": 0.2, "top_p": null, "top_k": null, "max_tokens": 256, "seed": 42}, "prompt_tokens": 196, "completion_tokens": 7, "total_tokens": 203, "token_count_source": "tokenizer", "diffusion_steps": null, "flops_estimate": null, "flops_arch": null, "flops_model_params": null, "flops_active_params": null, "tokens_non_final": 3, "tokens_reasoning": 0, "tokens_response": 3, "elapsed_seconds": 0.23004889488220215, "judgement": "Way off"}
{"id": "discounts_000703", "topic": "discounts", "subtopic": "percent", "prompt": "Cart: $19.91, $32.12, $19.55, $20.11, $21.65. A 15% discount applies to everything. About how much do you pay?", "exact_value": 96.34, "model": "qwen/qwen2.5-3b-instruct", "provider": "transformers", "response": "Final answer: 19.55", "numeric_answer": 19.55, "relative_error": 0.7970728669296243, "thinking_text": null, "has_tool_call": false, "tool_call": null, "usage": {"prompt_tokens": 196, "completion_tokens": 10, "total_tokens": 206, "token_count_source": "tokenizer"}, "decoding": {"temperature": 0.2, "top_p": null, "top_k": null, "max_tokens": 256, "seed": 42}, "prompt_tokens": 196, "completion_tokens": 10, "total_tokens": 206, "token_count_source": "tokenizer", "diffusion_steps": null, "flops_estimate": null, "flops_arch": null, "flops_model_params": null, "flops_active_params": null, "tokens_non_final": 3, "tokens_reasoning": 0, "tokens_response": 3, "elapsed_seconds": 0.3467214107513428, "judgement": "Way off"}
{"id": "discounts_000723", "topic": "discounts", "subtopic": "percent", "prompt": "Cart: $48.29, $29.75, $30.14, $33.26, $21.69. A 25% discount applies to everything. About how much do you pay?", "exact_value": 122.35, "model": "qwen/qwen2.5-3b-instruct", "provider": "transformers", "response": "Final answer: 48.29", "numeric_answer": 48.29, "relative_error": 0.6053126277073969, "thinking_text": null, "has_tool_call": false, "tool_call": null, "usage": {"prompt_tokens": 196, "completion_tokens": 10, "total_tokens": 206, "token_count_source": "tokenizer"}, "decoding": {"temperature": 0.2, "top_p": null, "top_k": null, "max_tokens": 256, "seed": 42}, "prompt_tokens": 196, "completion_tokens": 10, "total_tokens": 206, "token_count_source": "tokenizer", "diffusion_steps": null, "flops_estimate": null, "flops_arch": null, "flops_model_params": null, "flops_active_params": null, "tokens_non_final": 3, "tokens_reasoning": 0, "tokens_response": 3, "elapsed_seconds": 0.33536267280578613, "judgement": "Way off"}
{"id": "discounts_000743", "topic": "discounts", "subtopic": "bogo", "prompt": "BOGO sale (buy one, get one free; free item is the cheaper one in each pair). Items: $22.88, $9.78. About how much do you pay?", "exact_value": 22.88, "model": "qwen/qwen2.5-3b-instruct", "provider": "transformers", "response": "Final answer: 9", "numeric_answer": 9.0, "relative_error": 0.6066433566433567, "thinking_text": null, "has_tool_call": false, "tool_call": null, "usage": {"prompt_tokens": 185, "completion_tokens": 6, "total_tokens": 191, "token_count_source": "tokenizer"}, "decoding": {"temperature": 0.2, "top_p": null, "top_k": null, "max_tokens": 256, "seed": 42}, "prompt_tokens": 185, "completion_tokens": 6, "total_tokens": 191, "token_count_source": "tokenizer", "diffusion_steps": null, "flops_estimate": null, "flops_arch": null, "flops_model_params": null, "flops_active_params": null, "tokens_non_final": 3, "tokens_reasoning": 0, "tokens_response": 3, "elapsed_seconds": 0.2036304473876953, "judgement": "Way off"}
{"id": "discounts_000763", "topic": "discounts", "subtopic": "bogo", "prompt": "BOGO sale (buy one, get one free; free item is the cheaper one in each pair). Items: $11.36, $1.82. About how much do you pay?", "exact_value": 11.36, "model": "qwen/qwen2.5-3b-instruct", "provider": "transformers", "response": "Final answer: 1.82", "numeric_answer": 1.82, "relative_error": 0.8397887323943661, "thinking_text": null, "has_tool_call": false, "tool_call": null, "usage": {"prompt_tokens": 185, "completion_tokens": 9, "total_tokens": 194, "token_count_source": "tokenizer"}, "decoding": {"temperature": 0.2, "top_p": null, "top_k": null, "max_tokens": 256, "seed": 42}, "prompt_tokens": 185, "completion_tokens": 9, "total_tokens": 194, "token_count_source": "tokenizer", "diffusion_steps": null, "flops_estimate": null, "flops_arch": null, "flops_model_params": null, "flops_active_params": null, "tokens_non_final": 3, "tokens_reasoning": 0, "tokens_response": 3, "elapsed_seconds": 0.31959056854248047, "judgement": "Way off"}
{"id": "discounts_000783", "topic": "discounts", "subtopic": "stacked", "prompt": "Stacked deal: 15% off, then $10 coupon if you spend $30 or more. Cart: $37.23, $37.65, $36.92, $14.32, $6.23. About how much do you pay?", "exact_value": 102.5, "model": "qwen/qwen2.5-3b-instruct", "provider": "transformers", "response": "Final answer: 1", "numeric_answer": 1.0, "relative_error": 0.9902439024390244, "thinking_text": null, "has_tool_call": false, "tool_call": null, "usage": {"prompt_tokens": 209, "completion_tokens": 6, "total_tokens": 215, "token_count_source": "tokenizer"}, "decoding": {"temperature": 0.2, "top_p": null, "top_k": null, "max_tokens": 256, "seed": 42}, "prompt_tokens": 209, "completion_tokens": 6, "total_tokens": 215, "token_count_source": "tokenizer", "diffusion_steps": null, "flops_estimate": null, "flops_arch": null, "flops_model_params": null, "flops_active_params": null, "tokens_non_final": 3, "tokens_reasoning": 0, "tokens_response": 3, "elapsed_seconds": 0.19560670852661133, "judgement": "Way off"}
{"id": "discounts_000803", "topic": "discounts", "subtopic": "bogo", "prompt": "BOGO sale (buy one, get one free; free item is the cheaper one in each pair). Items: $23.07, $19.42, $17.76, $16.24, $13.92, $4.39. About how much do you pay?", "exact_value": 54.75, "model": "qwen/qwen2.5-3b-instruct", "provider": "transformers", "response": "Final answer: 13.92", "numeric_answer": 13.92, "relative_error": 0.7457534246575342, "thinking_text": null, "has_tool_call": false, "tool_call": null, "usage": {"prompt_tokens": 213, "completion_tokens": 10, "total_tokens": 223, "token_count_source": "tokenizer"}, "decoding": {"temperature": 0.2, "top_p": null, "top_k": null, "max_tokens": 256, "seed": 42}, "prompt_tokens": 213, "completion_tokens": 10, "total_tokens": 223, "token_count_source": "tokenizer", "diffusion_steps": null, "flops_estimate": null, "flops_arch": null, "flops_model_params": null, "flops_active_params": null, "tokens_non_final": 3, "tokens_reasoning": 0, "tokens_response": 3, "elapsed_seconds": 0.34859418869018555, "judgement": "Way off"}
{"id": "discounts_000823", "topic": "discounts", "subtopic": "stacked", "prompt": "Stacked deal: 20% off, then $10 coupon if you spend $30 or more. Cart: $8.48, $35.86, $5.64, $31.66, $9.45. About how much do you pay?", "exact_value": 62.87, "model": "qwen/qwen2.5-3b-instruct", "provider": "transformers", "response": "Final answer: 5", "numeric_answer": 5.0, "relative_error": 0.9204708127882933, "thinking_text": null, "has_tool_call": false, "tool_call": null, "usage": {"prompt_tokens": 207, "completion_tokens": 6, "total_tokens": 213, "token_count_source": "tokenizer"}, "decoding": {"temperature": 0.2, "top_p": null, "top_k": null, "max_tokens": 256, "seed": 42}, "prompt_tokens": 207, "completion_tokens": 6, "total_tokens": 213, "token_count_source": "tokenizer", "diffusion_steps": null, "flops_estimate": null, "flops_arch": null, "flops_model_params": null, "flops_active_params": null, "tokens_non_final": 3, "tokens_reasoning": 0, "tokens_response": 3, "elapsed_seconds": 0.1993846893310547, "judgement": "Way off"}
{"id": "discounts_000843", "topic": "discounts", "subtopic": "buy_n_get_m", "prompt": "Buy 4 get 2 free on items priced $5.03 each. You take 9 total. About how much do you pay?", "exact_value": 35.21, "model": "qwen/qwen2.5-3b-instruct", "provider": "transformers", "response": "Final answer: 2", "numeric_answer": 2.0, "relative_error": 0.9431979551263846, "thinking_text": null, "has_tool_call": false, "tool_call": null, "usage": {"prompt_tokens": 172, "completion_tokens": 6, "total_tokens": 178, "token_count_source": "tokenizer"}, "decoding": {"temperature": 0.2, "top_p": null, "top_k": null, "max_tokens": 256, "seed": 42}, "prompt_tokens": 172, "completion_tokens": 6, "total_tokens": 178, "token_count_source": "tokenizer", "diffusion_steps": null, "flops_estimate": null, "flops_arch": null, "flops_model_params": null, "flops_active_params": null, "tokens_non_final": 3, "tokens_reasoning": 0, "tokens_response": 3, "elapsed_seconds": 0.20063281059265137, "judgement": "Way off"}
{"id": "discounts_000863", "topic": "discounts", "subtopic": "threshold", "prompt": "Threshold coupon applies: $10 off $25+ spend. Cart: $34.92, $8.51, $12.79. About how much do you pay?", "exact_value": 46.22, "model": "qwen/qwen2.5-3b-instruct", "provider": "transformers", "response": "Final answer: 10", "numeric_answer": 10.0, "relative_error": 0.7836434443963652, "thinking_text": null, "has_tool_call": false, "tool_call": null, "usage": {"prompt_tokens": 185, "completion_tokens": 7, "total_tokens": 192, "token_count_source": "tokenizer"}, "decoding": {"temperature": 0.2, "top_p": null, "top_k": null, "max_tokens": 256, "seed": 42}, "prompt_tokens": 185, "completion_tokens": 7, "total_tokens": 192, "token_count_source": "tokenizer", "diffusion_steps": null, "flops_estimate": null, "flops_arch": null, "flops_model_params": null, "flops_active_params": null, "tokens_non_final": 3, "tokens_reasoning": 0, "tokens_response": 3, "elapsed_seconds": 0.2534041404724121, "judgement": "Way off"}
{"id": "discounts_000883", "topic": "discounts", "subtopic": "percent", "prompt": "Cart: $39.81, $20.15, $41.33, $23.55, $23.05. A 25% discount applies to everything. About how much do you pay?", "exact_value": 110.92, "model": "qwen/qwen2.5-3b-instruct", "provider": "transformers", "response": "Final answer: 23", "numeric_answer": 23.0, "relative_error": 0.7926433465560765, "thinking_text": null, "has_tool_call": false, "tool_call": null, "usage": {"prompt_tokens": 196, "completion_tokens": 7, "total_tokens": 203, "token_count_source": "tokenizer"}, "decoding": {"temperature": 0.2, "top_p": null, "top_k": null, "max_tokens": 256, "seed": 42}, "prompt_tokens": 196, "completion_tokens": 7, "total_tokens": 203, "token_count_source": "tokenizer", "diffusion_steps": null, "flops_estimate": null, "flops_arch": null, "flops_model_params": null, "flops_active_params": null, "tokens_non_final": 3, "tokens_reasoning": 0, "tokens_response": 3, "elapsed_seconds": 0.2480149269104004, "judgement": "Way off"}
{"id": "discounts_000903", "topic": "discounts", "subtopic": "percent", "prompt": "Cart: $12.50, $16.62, $17.19. A 10% discount applies to everything. About how much do you pay?", "exact_value": 41.68, "model": "qwen/qwen2.5-3b-instruct", "provider": "transformers", "response": "Final answer: 16", "numeric_answer": 16.0, "relative_error": 0.6161228406909789, "thinking_text": null, "has_tool_call": false, "tool_call": null, "usage": {"prompt_tokens": 182, "completion_tokens": 7, "total_tokens": 189, "token_count_source": "tokenizer"}, "decoding": {"temperature": 0.2, "top_p": null, "top_k": null, "max_tokens": 256, "seed": 42}, "prompt_tokens": 182, "completion_tokens": 7, "total_tokens": 189, "token_count_source": "tokenizer", "diffusion_steps": null, "flops_estimate": null, "flops_arch": null, "flops_model_params": null, "flops_active_params": null, "tokens_non_final": 3, "tokens_reasoning": 0, "tokens_response": 3, "elapsed_seconds": 0.246931791305542, "judgement": "Way off"}
{"id": "discounts_000923", "topic": "discounts", "subtopic": "bogo", "prompt": "BOGO sale (buy one, get one free; free item is the cheaper one in each pair). Items: $10.61, $2.49. About how much do you pay?", "exact_value": 10.61, "model": "qwen/qwen2.5-3b-instruct", "provider": "transformers", "response": "Final answer: 2.49", "numeric_answer": 2.49, "relative_error": 0.765315739868049, "thinking_text": null, "has_tool_call": false, "tool_call": null, "usage": {"prompt_tokens": 185, "completion_tokens": 9, "total_tokens": 194, "token_count_source": "tokenizer"}, "decoding": {"temperature": 0.2, "top_p": null, "top_k": null, "max_tokens": 256, "seed": 42}, "prompt_tokens": 185, "completion_tokens": 9, "total_tokens": 194, "token_count_source": "tokenizer", "diffusion_steps": null, "flops_estimate": null, "flops_arch": null, "flops_model_params": null, "flops_active_params": null, "tokens_non_final": 3, "tokens_reasoning": 0, "tokens_response": 3, "elapsed_seconds": 0.3199045658111572, "judgement": "Way off"}
{"id": "discounts_000943", "topic": "discounts", "subtopic": "stacked", "prompt": "Stacked deal: 20% off, then $5 coupon if you spend $50 or more. Cart: $22.54, $15.03, $37.69. About how much do you pay?", "exact_value": 55.21, "model": "qwen/qwen2.5-3b-instruct", "provider": "transformers", "response": "Final answer: 10", "numeric_answer": 10.0, "relative_error": 0.8188733925013585, "thinking_text": null, "has_tool_call": false, "tool_call": null, "usage": {"prompt_tokens": 195, "completion_tokens": 7, "total_tokens": 202, "token_count_source": "tokenizer"}, "decoding": {"temperature": 0.2, "top_p": null, "top_k": null, "max_tokens": 256, "seed": 42}, "prompt_tokens": 195, "completion_tokens": 7, "total_tokens": 202, "token_count_source": "tokenizer", "diffusion_steps": null, "flops_estimate": null, "flops_arch": null, "flops_model_params": null, "flops_active_params": null, "tokens_non_final": 3, "tokens_reasoning": 0, "tokens_response": 3, "elapsed_seconds": 0.23508930206298828, "judgement": "Way off"}
{"id": "discounts_000963", "topic": "discounts", "subtopic": "bogo", "prompt": "BOGO sale (buy one, get one free; free item is the cheaper one in each pair). Items: $23.00, $20.02, $17.46, $6.49, $2.60. About how much do you pay?", "exact_value": 43.06, "model": "qwen/qwen2.5-3b-instruct", "provider": "transformers", "response": "Final answer: 1", "numeric_answer": 1.0, "relative_error": 0.97677659080353, "thinking_text": null, "has_tool_call": false, "tool_call": null, "usage": {"prompt_tokens": 205, "completion_tokens": 6, "total_tokens": 211, "token_count_source": "tokenizer"}, "decoding": {"temperature": 0.2, "top_p": null, "top_k": null, "max_tokens": 256, "seed": 42}, "prompt_tokens": 205, "completion_tokens": 6, "total_tokens": 211, "token_count_source": "tokenizer", "diffusion_steps": null, "flops_estimate": null, "flops_arch": null, "flops_model_params": null, "flops_active_params": null, "tokens_non_final": 3, "tokens_reasoning": 0, "tokens_response": 3, "elapsed_seconds": 0.21120619773864746, "judgement": "Way off"}
{"id": "discounts_000983", "topic": "discounts", "subtopic": "bogo", "prompt": "BOGO sale (buy one, get one free; free item is the cheaper one in each pair). Items: $17.50, $15.22, $8.66. About how much do you pay?", "exact_value": 26.16, "model": "qwen/qwen2.5-3b-instruct", "provider": "transformers", "response": "Final answer: 8.66", "numeric_answer": 8.66, "relative_error": 0.668960244648318, "thinking_text": null, "has_tool_call": false, "tool_call": null, "usage": {"prompt_tokens": 192, "completion_tokens": 9, "total_tokens": 201, "token_count_source": "tokenizer"}, "decoding": {"temperature": 0.2, "top_p": null, "top_k": null, "max_tokens": 256, "seed": 42}, "prompt_tokens": 192, "completion_tokens": 9, "total_tokens": 201, "token_count_source": "tokenizer", "diffusion_steps": null, "flops_estimate": null, "flops_arch": null, "flops_model_params": null, "flops_active_params": null, "tokens_non_final": 3, "tokens_reasoning": 0, "tokens_response": 3, "elapsed_seconds": 0.3013803958892822, "judgement": "Way off"}
{"id": "discounts_001003", "topic": "discounts", "subtopic": "bogo", "prompt": "BOGO sale (buy one, get one free; free item is the cheaper one in each pair). Items: $22.78, $21.06, $17.56, $9.49, $3.73, $1.89. About how much do you pay?", "exact_value": 44.07, "model": "qwen/qwen2.5-3b-instruct", "provider": "transformers", "response": "Final answer: 1.89", "numeric_answer": 1.89, "relative_error": 0.9571136827773996, "thinking_text": null, "has_tool_call": false, "tool_call": null, "usage": {"prompt_tokens": 211, "completion_tokens": 9, "total_tokens": 220, "token_count_source": "tokenizer"}, "decoding": {"temperature": 0.2, "top_p": null, "top_k": null, "max_tokens": 256, "seed": 42}, "prompt_tokens": 211, "completion_tokens": 9, "total_tokens": 220, "token_count_source": "tokenizer", "diffusion_steps": null, "flops_estimate": null, "flops_arch": null, "flops_model_params": null, "flops_active_params": null, "tokens_non_final": 3, "tokens_reasoning": 0, "tokens_response": 3, "elapsed_seconds": 0.30585789680480957, "judgement": "Way off"}
{"id": "discounts_001023", "topic": "discounts", "subtopic": "buy_n_get_m", "prompt": "Buy 4 get 1 free on items priced $2.87 each. You take 8 total. About how much do you pay?", "exact_value": 20.09, "model": "qwen/qwen2.5-3b-instruct", "provider": "transformers", "response": "Final answer: 3", "numeric_answer": 3.0, "relative_error": 0.8506719761075162, "thinking_text": null, "has_tool_call": false, "tool_call": null, "usage": {"prompt_tokens": 172, "completion_tokens": 6, "total_tokens": 178, "token_count_source": "tokenizer"}, "decoding": {"temperature": 0.2, "top_p": null, "top_k": null, "max_tokens": 256, "seed": 42}, "prompt_tokens": 172, "completion_tokens": 6, "total_tokens": 178, "token_count_source": "tokenizer", "diffusion_steps": null, "flops_estimate": null, "flops_arch": null, "flops_model_params": null, "flops_active_params": null, "tokens_non_final": 3, "tokens_reasoning": 0, "tokens_response": 3, "elapsed_seconds": 0.21873068809509277, "judgement": "Way off"}
{"id": "discounts_001043", "topic": "discounts", "subtopic": "threshold", "prompt": "Threshold coupon applies: $5 off $25+ spend. Cart: $35.97, $4.76, $38.83, $33.01. About how much do you pay?", "exact_value": 107.57, "model": "qwen/qwen2.5-3b-instruct", "provider": "transformers", "response": "Final answer: 33", "numeric_answer": 33.0, "relative_error": 0.6932230175699544, "thinking_text": null, "has_tool_call": false, "tool_call": null, "usage": {"prompt_tokens": 191, "completion_tokens": 7, "total_tokens": 198, "token_count_source": "tokenizer"}, "decoding": {"temperature": 0.2, "top_p": null, "top_k": null, "max_tokens": 256, "seed": 42}, "prompt_tokens": 191, "completion_tokens": 7, "total_tokens": 198, "token_count_source": "tokenizer", "diffusion_steps": null, "flops_estimate": null, "flops_arch": null, "flops_model_params": null, "flops_active_params": null, "tokens_non_final": 3, "tokens_reasoning": 0, "tokens_response": 3, "elapsed_seconds": 0.23933148384094238, "judgement": "Way off"}
{"id": "discounts_001063", "topic": "discounts", "subtopic": "stacked", "prompt": "Stacked deal: 10% off, then $5 coupon if you spend $30 or more. Cart: $3.36, $20.19, $25.37. About how much do you pay?", "exact_value": 39.03, "model": "qwen/qwen2.5-3b-instruct", "provider": "transformers", "response": "Final answer: 1", "numeric_answer": 1.0, "relative_error": 0.9743786830643095, "thinking_text": null, "has_tool_call": false, "tool_call": null, "usage": {"prompt_tokens": 194, "completion_tokens": 6, "total_tokens": 200, "token_count_source": "tokenizer"}, "decoding": {"temperature": 0.2, "top_p": null, "top_k": null, "max_tokens": 256, "seed": 42}, "prompt_tokens": 194, "completion_tokens": 6, "total_tokens": 200, "token_count_source": "tokenizer", "diffusion_steps": null, "flops_estimate": null, "flops_arch": null, "flops_model_params": null, "flops_active_params": null, "tokens_non_final": 3, "tokens_reasoning": 0, "tokens_response": 3, "elapsed_seconds": 0.19519329071044922, "judgement": "Way off"}
{"id": "discounts_001083", "topic": "discounts", "subtopic": "stacked", "prompt": "Stacked deal: 10% off, then $10 coupon if you spend $40 or more. Cart: $21.15, $25.92, $23.98. About how much do you pay?", "exact_value": 53.95, "model": "qwen/qwen2.5-3b-instruct", "provider": "transformers", "response": "Final answer: 2", "numeric_answer": 2.0, "relative_error": 0.9629286376274329, "thinking_text": null, "has_tool_call": false, "tool_call": null, "usage": {"prompt_tokens": 196, "completion_tokens": 6, "total_tokens": 202, "token_count_source": "tokenizer"}, "decoding": {"temperature": 0.2, "top_p": null, "top_k": null, "max_tokens": 256, "seed": 42}, "prompt_tokens": 196, "completion_tokens": 6, "total_tokens": 202, "token_count_source": "tokenizer", "diffusion_steps": null, "flops_estimate": null, "flops_arch": null, "flops_model_params": null, "flops_active_params": null, "tokens_non_final": 3, "tokens_reasoning": 0, "tokens_response": 3, "elapsed_seconds": 0.20958518981933594, "judgement": "Way off"}
{"id": "discounts_001103", "topic": "discounts", "subtopic": "threshold", "prompt": "Threshold coupon applies: $10 off $40+ spend. Cart: $20.06, $17.49. About how much do you pay?", "exact_value": 37.55, "model": "qwen/qwen2.5-3b-instruct", "provider": "transformers", "response": "Final answer: 10", "numeric_answer": 10.0, "relative_error": 0.7336884154460719, "thinking_text": null, "has_tool_call": false, "tool_call": null, "usage": {"prompt_tokens": 179, "completion_tokens": 7, "total_tokens": 186, "token_count_source": "tokenizer"}, "decoding": {"temperature": 0.2, "top_p": null, "top_k": null, "max_tokens": 256, "seed": 42}, "prompt_tokens": 179, "completion_tokens": 7, "total_tokens": 186, "token_count_source": "tokenizer", "diffusion_steps": null, "flops_estimate": null, "flops_arch": null, "flops_model_params": null, "flops_active_params": null, "tokens_non_final": 3, "tokens_reasoning": 0, "tokens_response": 3, "elapsed_seconds": 0.2468409538269043, "judgement": "Way off"}
{"id": "discounts_001123", "topic": "discounts", "subtopic": "threshold", "prompt": "Threshold coupon applies: $15 off $50+ spend. Cart: $18.18, $39.52, $22.33. About how much do you pay?", "exact_value": 65.03, "model": "qwen/qwen2.5-3b-instruct", "provider": "transformers", "response": "Final answer: 3", "numeric_answer": 3.0, "relative_error": 0.9538674457942488, "thinking_text": null, "has_tool_call": false, "tool_call": null, "usage": {"prompt_tokens": 186, "completion_tokens": 6, "total_tokens": 192, "token_count_source": "tokenizer"}, "decoding": {"temperature": 0.2, "top_p": null, "top_k": null, "max_tokens": 256, "seed": 42}, "prompt_tokens": 186, "completion_tokens": 6, "total_tokens": 192, "token_count_source": "tokenizer", "diffusion_steps": null, "flops_estimate": null, "flops_arch": null, "flops_model_params": null, "flops_active_params": null, "tokens_non_final": 3, "tokens_reasoning": 0, "tokens_response": 3, "elapsed_seconds": 0.19393062591552734, "judgement": "Way off"}
{"id": "discounts_001143", "topic": "discounts", "subtopic": "threshold", "prompt": "Threshold coupon applies: $5 off $25+ spend. Cart: $6.88, $33.06. About how much do you pay?", "exact_value": 34.94, "model": "qwen/qwen2.5-3b-instruct", "provider": "transformers", "response": "Final answer: 10", "numeric_answer": 10.0, "relative_error": 0.7137950772753291, "thinking_text": null, "has_tool_call": false, "tool_call": null, "usage": {"prompt_tokens": 177, "completion_tokens": 7, "total_tokens": 184, "token_count_source": "tokenizer"}, "decoding": {"temperature": 0.2, "top_p": null, "top_k": null, "max_tokens": 256, "seed": 42}, "prompt_tokens": 177, "completion_tokens": 7, "total_tokens": 184, "token_count_source": "tokenizer", "diffusion_steps": null, "flops_estimate": null, "flops_arch": null, "flops_model_params": null, "flops_active_params": null, "tokens_non_final": 3, "tokens_reasoning": 0, "tokens_response": 3, "elapsed_seconds": 0.24368619918823242, "judgement": "Way off"}
{"id": "discounts_001163", "topic": "discounts", "subtopic": "buy_n_get_m", "prompt": "Buy 5 get 3 free on items priced $1.79 each. You take 12 total. About how much do you pay?", "exact_value": 16.11, "model": "qwen/qwen2.5-3b-instruct", "provider": "transformers", "response": "10", "numeric_answer": 10.0, "relative_error": 0.3792675356921167, "thinking_text": null, "has_tool_call": false, "tool_call": null, "usage": {"prompt_tokens": 173, "completion_tokens": 3, "total_tokens": 176, "token_count_source": "tokenizer"}, "decoding": {"temperature": 0.2, "top_p": null, "top_k": null, "max_tokens": 256, "seed": 42}, "prompt_tokens": 173, "completion_tokens": 3, "total_tokens": 176, "token_count_source": "tokenizer", "diffusion_steps": null, "flops_estimate": null, "flops_arch": null, "flops_model_params": null, "flops_active_params": null, "tokens_non_final": 1, "tokens_reasoning": 0, "tokens_response": 1, "elapsed_seconds": 0.10620522499084473, "judgement": "Mildly off"}
{"id": "discounts_001183", "topic": "discounts", "subtopic": "threshold", "prompt": "Threshold coupon applies: $10 off $40+ spend. Cart: $17.79, $9.82, $10.21. About how much do you pay?", "exact_value": 37.82, "model": "qwen/qwen2.5-3b-instruct", "provider": "transformers", "response": "Final answer: 10", "numeric_answer": 10.0, "relative_error": 0.7355896351136965, "thinking_text": null, "has_tool_call": false, "tool_call": null, "usage": {"prompt_tokens": 185, "completion_tokens": 7, "total_tokens": 192, "token_count_source": "tokenizer"}, "decoding": {"temperature": 0.2, "top_p": null, "top_k": null, "max_tokens": 256, "seed": 42}, "prompt_tokens": 185, "completion_tokens": 7, "total_tokens": 192, "token_count_source": "tokenizer", "diffusion_steps": null, "flops_estimate": null, "flops_arch": null, "flops_model_params": null, "flops_active_params": null, "tokens_non_final": 3, "tokens_reasoning": 0, "tokens_response": 3, "elapsed_seconds": 0.23629522323608398, "judgement": "Way off"}
{"id": "discounts_001203", "topic": "discounts", "subtopic": "threshold", "prompt": "Threshold coupon applies: $10 off $25+ spend. Cart: $21.83, $6.78, $19.19, $4.90. About how much do you pay?", "exact_value": 42.7, "model": "qwen/qwen2.5-3b-instruct", "provider": "transformers", "response": "Final answer: 10", "numeric_answer": 10.0, "relative_error": 0.765807962529274, "thinking_text": null, "has_tool_call": false, "tool_call": null, "usage": {"prompt_tokens": 191, "completion_tokens": 7, "total_tokens": 198, "token_count_source": "tokenizer"}, "decoding": {"temperature": 0.2, "top_p": null, "top_k": null, "max_tokens": 256, "seed": 42}, "prompt_tokens": 191, "completion_tokens": 7, "total_tokens": 198, "token_count_source": "tokenizer", "diffusion_steps": null, "flops_estimate": null, "flops_arch": null, "flops_model_params": null, "flops_active_params": null, "tokens_non_final": 3, "tokens_reasoning": 0, "tokens_response": 3, "elapsed_seconds": 0.24568390846252441, "judgement": "Way off"}
{"id": "discounts_001223", "topic": "discounts", "subtopic": "bogo", "prompt": "BOGO sale (buy one, get one free; free item is the cheaper one in each pair). Items: $9.89, $5.43, $1.64. About how much do you pay?", "exact_value": 11.53, "model": "qwen/qwen2.5-3b-instruct", "provider": "transformers", "response": "Final answer: 164", "numeric_answer": 164.0, "relative_error": 13.223764093668692, "thinking_text": null, "has_tool_call": false, "tool_call": null, "usage": {"prompt_tokens": 190, "completion_tokens": 8, "total_tokens": 198, "token_count_source": "tokenizer"}, "decoding": {"temperature": 0.2, "top_p": null, "top_k": null, "max_tokens": 256, "seed": 42}, "prompt_tokens": 190, "completion_tokens": 8, "total_tokens": 198, "token_count_source": "tokenizer", "diffusion_steps": null, "flops_estimate": null, "flops_arch": null, "flops_model_params": null, "flops_active_params": null, "tokens_non_final": 3, "tokens_reasoning": 0, "tokens_response": 3, "elapsed_seconds": 0.28223299980163574, "judgement": "Way off"}
{"id": "discounts_001243", "topic": "discounts", "subtopic": "bogo", "prompt": "BOGO sale (buy one, get one free; free item is the cheaper one in each pair). Items: $13.65, $11.87. About how much do you pay?", "exact_value": 13.65, "model": "qwen/qwen2.5-3b-instruct", "provider": "transformers", "response": "Final answer: 1187", "numeric_answer": 1187.0, "relative_error": 85.95970695970695, "thinking_text": null, "has_tool_call": false, "tool_call": null, "usage": {"prompt_tokens": 186, "completion_tokens": 9, "total_tokens": 195, "token_count_source": "tokenizer"}, "decoding": {"temperature": 0.2, "top_p": null, "top_k": null, "max_tokens": 256, "seed": 42}, "prompt_tokens": 186, "completion_tokens": 9, "total_tokens": 195, "token_count_source": "tokenizer", "diffusion_steps": null, "flops_estimate": null, "flops_arch": null, "flops_model_params": null, "flops_active_params": null, "tokens_non_final": 3, "tokens_reasoning": 0, "tokens_response": 3, "elapsed_seconds": 0.2987856864929199, "judgement": "Way off"}
{"id": "discounts_001263", "topic": "discounts", "subtopic": "stacked", "prompt": "Stacked deal: 20% off, then $10 coupon if you spend $30 or more. Cart: $7.97, $14.01, $20.15, $6.20. About how much do you pay?", "exact_value": 28.66, "model": "qwen/qwen2.5-3b-instruct", "provider": "transformers", "response": "Final answer: 8", "numeric_answer": 8.0, "relative_error": 0.7208653175157014, "thinking_text": null, "has_tool_call": false, "tool_call": null, "usage": {"prompt_tokens": 201, "completion_tokens": 6, "total_tokens": 207, "token_count_source": "tokenizer"}, "decoding": {"temperature": 0.2, "top_p": null, "top_k": null, "max_tokens": 256, "seed": 42}, "prompt_tokens": 201, "completion_tokens": 6, "total_tokens": 207, "token_count_source": "tokenizer", "diffusion_steps": null, "flops_estimate": null, "flops_arch": null, "flops_model_params": null, "flops_active_params": null, "tokens_non_final": 3, "tokens_reasoning": 0, "tokens_response": 3, "elapsed_seconds": 0.21418476104736328, "judgement": "Way off"}
{"id": "discounts_001283", "topic": "discounts", "subtopic": "bogo", "prompt": "BOGO sale (buy one, get one free; free item is the cheaper one in each pair). Items: $23.99, $18.08, $15.49, $11.69, $2.98, $1.77. About how much do you pay?", "exact_value": 42.46, "model": "qwen/qwen2.5-3b-instruct", "provider": "transformers", "response": "Final answer: 15.49", "numeric_answer": 15.49, "relative_error": 0.6351860574658502, "thinking_text": null, "has_tool_call": false, "tool_call": null, "usage": {"prompt_tokens": 212, "completion_tokens": 10, "total_tokens": 222, "token_count_source": "tokenizer"}, "decoding": {"temperature": 0.2, "top_p": null, "top_k": null, "max_tokens": 256, "seed": 42}, "prompt_tokens": 212, "completion_tokens": 10, "total_tokens": 222, "token_count_source": "tokenizer", "diffusion_steps": null, "flops_estimate": null, "flops_arch": null, "flops_model_params": null, "flops_active_params": null, "tokens_non_final": 3, "tokens_reasoning": 0, "tokens_response": 3, "elapsed_seconds": 0.3277924060821533, "judgement": "Way off"}
{"id": "discounts_001303", "topic": "discounts", "subtopic": "buy_n_get_m", "prompt": "Buy 3 get 1 free on items priced $5.20 each. You take 7 total. About how much do you pay?", "exact_value": 31.2, "model": "qwen/qwen2.5-3b-instruct", "provider": "transformers", "response": "10", "numeric_answer": 10.0, "relative_error": 0.6794871794871795, "thinking_text": null, "has_tool_call": false, "tool_call": null, "usage": {"prompt_tokens": 172, "completion_tokens": 3, "total_tokens": 175, "token_count_source": "tokenizer"}, "decoding": {"temperature": 0.2, "top_p": null, "top_k": null, "max_tokens": 256, "seed": 42}, "prompt_tokens": 172, "completion_tokens": 3, "total_tokens": 175, "token_count_source": "tokenizer", "diffusion_steps": null, "flops_estimate": null, "flops_arch": null, "flops_model_params": null, "flops_active_params": null, "tokens_non_final": 1, "tokens_reasoning": 0, "tokens_response": 1, "elapsed_seconds": 0.105072021484375, "judgement": "Way off"}
{"id": "discounts_001323", "topic": "discounts", "subtopic": "buy_n_get_m", "prompt": "Buy 5 get 2 free on items priced $6.90 each. You take 7 total. About how much do you pay?", "exact_value": 34.5, "model": "qwen/qwen2.5-3b-instruct", "provider": "transformers", "response": "3", "numeric_answer": 3.0, "relative_error": 0.9130434782608695, "thinking_text": null, "has_tool_call": false, "tool_call": null, "usage": {"prompt_tokens": 172, "completion_tokens": 2, "total_tokens": 174, "token_count_source": "tokenizer"}, "decoding": {"temperature": 0.2, "top_p": null, "top_k": null, "max_tokens": 256, "seed": 42}, "prompt_tokens": 172, "completion_tokens": 2, "total_tokens": 174, "token_count_source": "tokenizer", "diffusion_steps": null, "flops_estimate": null, "flops_arch": null, "flops_model_params": null, "flops_active_params": null, "tokens_non_final": 1, "tokens_reasoning": 0, "tokens_response": 1, "elapsed_seconds": 0.07452964782714844, "judgement": "Way off"}
{"id": "discounts_001343", "topic": "discounts", "subtopic": "threshold", "prompt": "Threshold coupon applies: $5 off $30+ spend. Cart: $14.20, $6.64, $17.41, $15.16, $33.39. About how much do you pay?", "exact_value": 81.8, "model": "qwen/qwen2.5-3b-instruct", "provider": "transformers", "response": "Final answer: 5", "numeric_answer": 5.0, "relative_error": 0.9388753056234719, "thinking_text": null, "has_tool_call": false, "tool_call": null, "usage": {"prompt_tokens": 198, "completion_tokens": 6, "total_tokens": 204, "token_count_source": "tokenizer"}, "decoding": {"temperature": 0.2, "top_p": null, "top_k": null, "max_tokens": 256, "seed": 42}, "prompt_tokens": 198, "completion_tokens": 6, "total_tokens": 204, "token_count_source": "tokenizer", "diffusion_steps": null, "flops_estimate": null, "flops_arch": null, "flops_model_params": null, "flops_active_params": null, "tokens_non_final": 3, "tokens_reasoning": 0, "tokens_response": 3, "elapsed_seconds": 0.21178340911865234, "judgement": "Way off"}
{"id": "discounts_001363", "topic": "discounts", "subtopic": "percent", "prompt": "Cart: $17.94, $48.32, $33.85. A 25% discount applies to everything. About how much do you pay?", "exact_value": 75.08, "model": "qwen/qwen2.5-3b-instruct", "provider": "transformers", "response": "Final answer: 3", "numeric_answer": 3.0, "relative_error": 0.960042621204049, "thinking_text": null, "has_tool_call": false, "tool_call": null, "usage": {"prompt_tokens": 182, "completion_tokens": 6, "total_tokens": 188, "token_count_source": "tokenizer"}, "decoding": {"temperature": 0.2, "top_p": null, "top_k": null, "max_tokens": 256, "seed": 42}, "prompt_tokens": 182, "completion_tokens": 6, "total_tokens": 188, "token_count_source": "tokenizer", "diffusion_steps": null, "flops_estimate": null, "flops_arch": null, "flops_model_params": null, "flops_active_params": null, "tokens_non_final": 3, "tokens_reasoning": 0, "tokens_response": 3, "elapsed_seconds": 0.19710326194763184, "judgement": "Way off"}
{"id": "discounts_001383", "topic": "discounts", "subtopic": "buy_n_get_m", "prompt": "Buy 5 get 2 free on items priced $2.51 each. You take 8 total. About how much do you pay?", "exact_value": 15.06, "model": "qwen/qwen2.5-3b-instruct", "provider": "transformers", "response": "Final answer: 3", "numeric_answer": 3.0, "relative_error": 0.8007968127490039, "thinking_text": null, "has_tool_call": false, "tool_call": null, "usage": {"prompt_tokens": 172, "completion_tokens": 6, "total_tokens": 178, "token_count_source": "tokenizer"}, "decoding": {"temperature": 0.2, "top_p": null, "top_k": null, "max_tokens": 256, "seed": 42}, "prompt_tokens": 172, "completion_tokens": 6, "total_tokens": 178, "token_count_source": "tokenizer", "diffusion_steps": null, "flops_estimate": null, "flops_arch": null, "flops_model_params": null, "flops_active_params": null, "tokens_non_final": 3, "tokens_reasoning": 0, "tokens_response": 3, "elapsed_seconds": 0.21178030967712402, "judgement": "Way off"}
{"id": "discounts_001403", "topic": "discounts", "subtopic": "percent", "prompt": "Cart: $49.45, $5.75. A 15% discount applies to everything. About how much do you pay?", "exact_value": 46.92, "model": "qwen/qwen2.5-3b-instruct", "provider": "transformers", "response": "Final answer: 4", "numeric_answer": 4.0, "relative_error": 0.9147485080988917, "thinking_text": null, "has_tool_call": false, "tool_call": null, "usage": {"prompt_tokens": 174, "completion_tokens": 6, "total_tokens": 180, "token_count_source": "tokenizer"}, "decoding": {"temperature": 0.2, "top_p": null, "top_k": null, "max_tokens": 256, "seed": 42}, "prompt_tokens": 174, "completion_tokens": 6, "total_tokens": 180, "token_count_source": "tokenizer", "diffusion_steps": null, "flops_estimate": null, "flops_arch": null, "flops_model_params": null, "flops_active_params": null, "tokens_non_final": 3, "tokens_reasoning": 0, "tokens_response": 3, "elapsed_seconds": 0.21734189987182617, "judgement": "Way off"}
{"id": "discounts_001423", "topic": "discounts", "subtopic": "stacked", "prompt": "Stacked deal: 15% off, then $5 coupon if you spend $30 or more. Cart: $19.07, $30.50, $14.10, $29.57, $24.48, $18.89. About how much do you pay?", "exact_value": 111.12, "model": "qwen/qwen2.5-3b-instruct", "provider": "transformers", "response": "Final answer: 10", "numeric_answer": 10.0, "relative_error": 0.9100071994240461, "thinking_text": null, "has_tool_call": false, "tool_call": null, "usage": {"prompt_tokens": 216, "completion_tokens": 7, "total_tokens": 223, "token_count_source": "tokenizer"}, "decoding": {"temperature": 0.2, "top_p": null, "top_k": null, "max_tokens": 256, "seed": 42}, "prompt_tokens": 216, "completion_tokens": 7, "total_tokens": 223, "token_count_source": "tokenizer", "diffusion_steps": null, "flops_estimate": null, "flops_arch": null, "flops_model_params": null, "flops_active_params": null, "tokens_non_final": 3, "tokens_reasoning": 0, "tokens_response": 3, "elapsed_seconds": 0.23128485679626465, "judgement": "Way off"}
{"id": "discounts_001443", "topic": "discounts", "subtopic": "threshold", "prompt": "Threshold coupon applies: $5 off $40+ spend. Cart: $30.27, $5.01, $32.89, $4.11. About how much do you pay?", "exact_value": 67.28, "model": "qwen/qwen2.5-3b-instruct", "provider": "transformers", "response": "Final answer: 4", "numeric_answer": 4.0, "relative_error": 0.9405469678953626, "thinking_text": null, "has_tool_call": false, "tool_call": null, "usage": {"prompt_tokens": 190, "completion_tokens": 6, "total_tokens": 196, "token_count_source": "tokenizer"}, "decoding": {"temperature": 0.2, "top_p": null, "top_k": null, "max_tokens": 256, "seed": 42}, "prompt_tokens": 190, "completion_tokens": 6, "total_tokens": 196, "token_count_source": "tokenizer", "diffusion_steps": null, "flops_estimate": null, "flops_arch": null, "flops_model_params": null, "flops_active_params": null, "tokens_non_final": 3, "tokens_reasoning": 0, "tokens_response": 3, "elapsed_seconds": 0.20664143562316895, "judgement": "Way off"}
{"id": "discounts_001463", "topic": "discounts", "subtopic": "stacked", "prompt": "Stacked deal: 20% off, then $10 coupon if you spend $50 or more. Cart: $17.21, $5.84, $30.05. About how much do you pay?", "exact_value": 42.48, "model": "qwen/qwen2.5-3b-instruct", "provider": "transformers", "response": "Final answer: 3", "numeric_answer": 3.0, "relative_error": 0.9293785310734464, "thinking_text": null, "has_tool_call": false, "tool_call": null, "usage": {"prompt_tokens": 195, "completion_tokens": 6, "total_tokens": 201, "token_count_source": "tokenizer"}, "decoding": {"temperature": 0.2, "top_p": null, "top_k": null, "max_tokens": 256, "seed": 42}, "prompt_tokens": 195, "completion_tokens": 6, "total_tokens": 201, "token_count_source": "tokenizer", "diffusion_steps": null, "flops_estimate": null, "flops_arch": null, "flops_model_params": null, "flops_active_params": null, "tokens_non_final": 3, "tokens_reasoning": 0, "tokens_response": 3, "elapsed_seconds": 0.2151188850402832, "judgement": "Way off"}
{"id": "discounts_001483", "topic": "discounts", "subtopic": "stacked", "prompt": "Stacked deal: 20% off, then $5 coupon if you spend $40 or more. Cart: $7.98, $13.08, $39.62, $23.53, $7.04, $16.41. About how much do you pay?", "exact_value": 81.13, "model": "qwen/qwen2.5-3b-instruct", "provider": "transformers", "response": "Final answer: 10", "numeric_answer": 10.0, "relative_error": 0.8767410329101442, "thinking_text": null, "has_tool_call": false, "tool_call": null, "usage": {"prompt_tokens": 214, "completion_tokens": 7, "total_tokens": 221, "token_count_source": "tokenizer"}, "decoding": {"temperature": 0.2, "top_p": null, "top_k": null, "max_tokens": 256, "seed": 42}, "prompt_tokens": 214, "completion_tokens": 7, "total_tokens": 221, "token_count_source": "tokenizer", "diffusion_steps": null, "flops_estimate": null, "flops_arch": null, "flops_model_params": null, "flops_active_params": null, "tokens_non_final": 3, "tokens_reasoning": 0, "tokens_response": 3, "elapsed_seconds": 0.2286391258239746, "judgement": "Way off"}
{"id": "discounts_001503", "topic": "discounts", "subtopic": "stacked", "prompt": "Stacked deal: 15% off, then $10 coupon if you spend $30 or more. Cart: $5.05, $35.87, $13.37, $20.23, $19.52, $14.94. About how much do you pay?", "exact_value": 82.63, "model": "qwen/qwen2.5-3b-instruct", "provider": "transformers", "response": "Final answer: 10", "numeric_answer": 10.0, "relative_error": 0.8789785792085199, "thinking_text": null, "has_tool_call": false, "tool_call": null, "usage": {"prompt_tokens": 216, "completion_tokens": 7, "total_tokens": 223, "token_count_source": "tokenizer"}, "decoding": {"temperature": 0.2, "top_p": null, "top_k": null, "max_tokens": 256, "seed": 42}, "prompt_tokens": 216, "completion_tokens": 7, "total_tokens": 223, "token_count_source": "tokenizer", "diffusion_steps": null, "flops_estimate": null, "flops_arch": null, "flops_model_params": null, "flops_active_params": null, "tokens_non_final": 3, "tokens_reasoning": 0, "tokens_response": 3, "elapsed_seconds": 0.24601984024047852, "judgement": "Way off"}
{"id": "discounts_001523", "topic": "discounts", "subtopic": "percent", "prompt": "Cart: $17.62, $17.49. A 25% discount applies to everything. About how much do you pay?", "exact_value": 26.33, "model": "qwen/qwen2.5-3b-instruct", "provider": "transformers", "response": "Final answer: 17", "numeric_answer": 17.0, "relative_error": 0.3543486517280668, "thinking_text": null, "has_tool_call": false, "tool_call": null, "usage": {"prompt_tokens": 175, "completion_tokens": 7, "total_tokens": 182, "token_count_source": "tokenizer"}, "decoding": {"temperature": 0.2, "top_p": null, "top_k": null, "max_tokens": 256, "seed": 42}, "prompt_tokens": 175, "completion_tokens": 7, "total_tokens": 182, "token_count_source": "tokenizer", "diffusion_steps": null, "flops_estimate": null, "flops_arch": null, "flops_model_params": null, "flops_active_params": null, "tokens_non_final": 3, "tokens_reasoning": 0, "tokens_response": 3, "elapsed_seconds": 0.2395176887512207, "judgement": "Mildly off"}
{"id": "discounts_001543", "topic": "discounts", "subtopic": "percent", "prompt": "Cart: $41.40, $12.55, $25.87, $24.13. A 10% discount applies to everything. About how much do you pay?", "exact_value": 93.56, "model": "qwen/qwen2.5-3b-instruct", "provider": "transformers", "response": "Final answer: 4", "numeric_answer": 4.0, "relative_error": 0.9572466866182129, "thinking_text": null, "has_tool_call": false, "tool_call": null, "usage": {"prompt_tokens": 189, "completion_tokens": 6, "total_tokens": 195, "token_count_source": "tokenizer"}, "decoding": {"temperature": 0.2, "top_p": null, "top_k": null, "max_tokens": 256, "seed": 42}, "prompt_tokens": 189, "completion_tokens": 6, "total_tokens": 195, "token_count_source": "tokenizer", "diffusion_steps": null, "flops_estimate": null, "flops_arch": null, "flops_model_params": null, "flops_active_params": null, "tokens_non_final": 3, "tokens_reasoning": 0, "tokens_response": 3, "elapsed_seconds": 0.19578981399536133, "judgement": "Way off"}
{"id": "discounts_001563", "topic": "discounts", "subtopic": "buy_n_get_m", "prompt": "Buy 5 get 2 free on items priced $6.56 each. You take 13 total. About how much do you pay?", "exact_value": 65.6, "model": "qwen/qwen2.5-3b-instruct", "provider": "transformers", "response": "Final answer: 1", "numeric_answer": 1.0, "relative_error": 0.9847560975609756, "thinking_text": null, "has_tool_call": false, "tool_call": null, "usage": {"prompt_tokens": 173, "completion_tokens": 6, "total_tokens": 179, "token_count_source": "tokenizer"}, "decoding": {"temperature": 0.2, "top_p": null, "top_k": null, "max_tokens": 256, "seed": 42}, "prompt_tokens": 173, "completion_tokens": 6, "total_tokens": 179, "token_count_source": "tokenizer", "diffusion_steps": null, "flops_estimate": null, "flops_arch": null, "flops_model_params": null, "flops_active_params": null, "tokens_non_final": 3, "tokens_reasoning": 0, "tokens_response": 3, "elapsed_seconds": 0.21155381202697754, "judgement": "Way off"}
{"id": "discounts_001583", "topic": "discounts", "subtopic": "percent", "prompt": "Cart: $16.59, $10.20. A 25% discount applies to everything. About how much do you pay?", "exact_value": 20.09, "model": "qwen/qwen2.5-3b-instruct", "provider": "transformers", "response": "Final answer: 16", "numeric_answer": 16.0, "relative_error": 0.20358387257341962, "thinking_text": null, "has_tool_call": false, "tool_call": null, "usage": {"prompt_tokens": 175, "completion_tokens": 7, "total_tokens": 182, "token_count_source": "tokenizer"}, "decoding": {"temperature": 0.2, "top_p": null, "top_k": null, "max_tokens": 256, "seed": 42}, "prompt_tokens": 175, "completion_tokens": 7, "total_tokens": 182, "token_count_source": "tokenizer", "diffusion_steps": null, "flops_estimate": null, "flops_arch": null, "flops_model_params": null, "flops_active_params": null, "tokens_non_final": 3, "tokens_reasoning": 0, "tokens_response": 3, "elapsed_seconds": 0.24687671661376953, "judgement": "Mildly off"}
{"id": "discounts_001603", "topic": "discounts", "subtopic": "stacked", "prompt": "Stacked deal: 15% off, then $5 coupon if you spend $40 or more. Cart: $30.66, $8.69, $10.48, $36.69, $30.92. About how much do you pay?", "exact_value": 94.82, "model": "qwen/qwen2.5-3b-instruct", "provider": "transformers", "response": "Final answer: 3", "numeric_answer": 3.0, "relative_error": 0.9683611052520565, "thinking_text": null, "has_tool_call": false, "tool_call": null, "usage": {"prompt_tokens": 208, "completion_tokens": 6, "total_tokens": 214, "token_count_source": "tokenizer"}, "decoding": {"temperature": 0.2, "top_p": null, "top_k": null, "max_tokens": 256, "seed": 42}, "prompt_tokens": 208, "completion_tokens": 6, "total_tokens": 214, "token_count_source": "tokenizer", "diffusion_steps": null, "flops_estimate": null, "flops_arch": null, "flops_model_params": null, "flops_active_params": null, "tokens_non_final": 3, "tokens_reasoning": 0, "tokens_response": 3, "elapsed_seconds": 0.1982288360595703, "judgement": "Way off"}
{"id": "discounts_001623", "topic": "discounts", "subtopic": "threshold", "prompt": "Threshold coupon applies: $15 off $25+ spend. Cart: $27.63, $11.37, $28.67, $23.20, $7.60. About how much do you pay?", "exact_value": 83.47, "model": "qwen/qwen2.5-3b-instruct", "provider": "transformers", "response": "Final answer: 28", "numeric_answer": 28.0, "relative_error": 0.6645501377740506, "thinking_text": null, "has_tool_call": false, "tool_call": null, "usage": {"prompt_tokens": 199, "completion_tokens": 7, "total_tokens": 206, "token_count_source": "tokenizer"}, "decoding": {"temperature": 0.2, "top_p": null, "top_k": null, "max_tokens": 256, "seed": 42}, "prompt_tokens": 199, "completion_tokens": 7, "total_tokens": 206, "token_count_source": "tokenizer", "diffusion_steps": null, "flops_estimate": null, "flops_arch": null, "flops_model_params": null, "flops_active_params": null, "tokens_non_final": 3, "tokens_reasoning": 0, "tokens_response": 3, "elapsed_seconds": 0.23060965538024902, "judgement": "Way off"}
{"id": "discounts_001643", "topic": "discounts", "subtopic": "percent", "prompt": "Cart: $6.86, $18.76, $18.57. A 25% discount applies to everything. About how much do you pay?", "exact_value": 33.14, "model": "qwen/qwen2.5-3b-instruct", "provider": "transformers", "response": "Final answer: 1", "numeric_answer": 1.0, "relative_error": 0.9698249849124925, "thinking_text": null, "has_tool_call": false, "tool_call": null, "usage": {"prompt_tokens": 181, "completion_tokens": 6, "total_tokens": 187, "token_count_source": "tokenizer"}, "decoding": {"temperature": 0.2, "top_p": null, "top_k": null, "max_tokens": 256, "seed": 42}, "prompt_tokens": 181, "completion_tokens": 6, "total_tokens": 187, "token_count_source": "tokenizer", "diffusion_steps": null, "flops_estimate": null, "flops_arch": null, "flops_model_params": null, "flops_active_params": null, "tokens_non_final": 3, "tokens_reasoning": 0, "tokens_response": 3, "elapsed_seconds": 0.2138671875, "judgement": "Way off"}
{"id": "discounts_001663", "topic": "discounts", "subtopic": "percent", "prompt": "Cart: $12.12, $48.45, $47.34, $46.59. A 15% discount applies to everything. About how much do you pay?", "exact_value": 131.33, "model": "qwen/qwen2.5-3b-instruct", "provider": "transformers", "response": "Final answer: 46", "numeric_answer": 46.0, "relative_error": 0.649737302977233, "thinking_text": null, "has_tool_call": false, "tool_call": null, "usage": {"prompt_tokens": 189, "completion_tokens": 7, "total_tokens": 196, "token_count_source": "tokenizer"}, "decoding": {"temperature": 0.2, "top_p": null, "top_k": null, "max_tokens": 256, "seed": 42}, "prompt_tokens": 189, "completion_tokens": 7, "total_tokens": 196, "token_count_source": "tokenizer", "diffusion_steps": null, "flops_estimate": null, "flops_arch": null, "flops_model_params": null, "flops_active_params": null, "tokens_non_final": 3, "tokens_reasoning": 0, "tokens_response": 3, "elapsed_seconds": 0.2357797622680664, "judgement": "Way off"}
{"id": "discounts_001683", "topic": "discounts", "subtopic": "threshold", "prompt": "Threshold coupon applies: $10 off $50+ spend. Cart: $26.16, $9.78, $26.05, $18.31, $13.69. About how much do you pay?", "exact_value": 83.99, "model": "qwen/qwen2.5-3b-instruct", "provider": "transformers", "response": "Final answer: 10", "numeric_answer": 10.0, "relative_error": 0.8809382069293964, "thinking_text": null, "has_tool_call": false, "tool_call": null, "usage": {"prompt_tokens": 199, "completion_tokens": 7, "total_tokens": 206, "token_count_source": "tokenizer"}, "decoding": {"temperature": 0.2, "top_p": null, "top_k": null, "max_tokens": 256, "seed": 42}, "prompt_tokens": 199, "completion_tokens": 7, "total_tokens": 206, "token_count_source": "tokenizer", "diffusion_steps": null, "flops_estimate": null, "flops_arch": null, "flops_model_params": null, "flops_active_params": null, "tokens_non_final": 3, "tokens_reasoning": 0, "tokens_response": 3, "elapsed_seconds": 0.24007892608642578, "judgement": "Way off"}
{"id": "discounts_001703", "topic": "discounts", "subtopic": "percent", "prompt": "Cart: $19.62, $31.18, $3.11, $24.12. A 30% discount applies to everything. About how much do you pay?", "exact_value": 54.62, "model": "qwen/qwen2.5-3b-instruct", "provider": "transformers", "response": "Final answer: 2", "numeric_answer": 2.0, "relative_error": 0.963383376052728, "thinking_text": null, "has_tool_call": false, "tool_call": null, "usage": {"prompt_tokens": 188, "completion_tokens": 6, "total_tokens": 194, "token_count_source": "tokenizer"}, "decoding": {"temperature": 0.2, "top_p": null, "top_k": null, "max_tokens": 256, "seed": 42}, "prompt_tokens": 188, "completion_tokens": 6, "total_tokens": 194, "token_count_source": "tokenizer", "diffusion_steps": null, "flops_estimate": null, "flops_arch": null, "flops_model_params": null, "flops_active_params": null, "tokens_non_final": 3, "tokens_reasoning": 0, "tokens_response": 3, "elapsed_seconds": 0.20585370063781738, "judgement": "Way off"}
{"id": "discounts_001723", "topic": "discounts", "subtopic": "buy_n_get_m", "prompt": "Buy 4 get 2 free on items priced $2.55 each. You take 8 total. About how much do you pay?", "exact_value": 15.3, "model": "qwen/qwen2.5-3b-instruct", "provider": "transformers", "response": "Final answer: 3", "numeric_answer": 3.0, "relative_error": 0.803921568627451, "thinking_text": null, "has_tool_call": false, "tool_call": null, "usage": {"prompt_tokens": 172, "completion_tokens": 6, "total_tokens": 178, "token_count_source": "tokenizer"}, "decoding": {"temperature": 0.2, "top_p": null, "top_k": null, "max_tokens": 256, "seed": 42}, "prompt_tokens": 172, "completion_tokens": 6, "total_tokens": 178, "token_count_source": "tokenizer", "diffusion_steps": null, "flops_estimate": null, "flops_arch": null, "flops_model_params": null, "flops_active_params": null, "tokens_non_final": 3, "tokens_reasoning": 0, "tokens_response": 3, "elapsed_seconds": 0.21155285835266113, "judgement": "Way off"}
{"id": "discounts_001743", "topic": "discounts", "subtopic": "threshold", "prompt": "Threshold coupon applies: $5 off $30+ spend. Cart: $4.15, $6.42, $8.97. About how much do you pay?", "exact_value": 19.54, "model": "qwen/qwen2.5-3b-instruct", "provider": "transformers", "response": "Final answer: 8", "numeric_answer": 8.0, "relative_error": 0.5905834186284544, "thinking_text": null, "has_tool_call": false, "tool_call": null, "usage": {"prompt_tokens": 182, "completion_tokens": 6, "total_tokens": 188, "token_count_source": "tokenizer"}, "decoding": {"temperature": 0.2, "top_p": null, "top_k": null, "max_tokens": 256, "seed": 42}, "prompt_tokens": 182, "completion_tokens": 6, "total_tokens": 188, "token_count_source": "tokenizer", "diffusion_steps": null, "flops_estimate": null, "flops_arch": null, "flops_model_params": null, "flops_active_params": null, "tokens_non_final": 3, "tokens_reasoning": 0, "tokens_response": 3, "elapsed_seconds": 0.19976282119750977, "judgement": "Mildly off"}
{"id": "discounts_001763", "topic": "discounts", "subtopic": "bogo", "prompt": "BOGO sale (buy one, get one free; free item is the cheaper one in each pair). Items: $12.69, $11.21, $2.47. About how much do you pay?", "exact_value": 15.16, "model": "qwen/qwen2.5-3b-instruct", "provider": "transformers", "response": "Final answer: 12.47", "numeric_answer": 12.47, "relative_error": 0.17744063324538256, "thinking_text": null, "has_tool_call": false, "tool_call": null, "usage": {"prompt_tokens": 192, "completion_tokens": 10, "total_tokens": 202, "token_count_source": "tokenizer"}, "decoding": {"temperature": 0.2, "top_p": null, "top_k": null, "max_tokens": 256, "seed": 42}, "prompt_tokens": 192, "completion_tokens": 10, "total_tokens": 202, "token_count_source": "tokenizer", "diffusion_steps": null, "flops_estimate": null, "flops_arch": null, "flops_model_params": null, "flops_active_params": null, "tokens_non_final": 3, "tokens_reasoning": 0, "tokens_response": 3, "elapsed_seconds": 0.3473472595214844, "judgement": "Good approximation"}
{"id": "discounts_001783", "topic": "discounts", "subtopic": "stacked", "prompt": "Stacked deal: 15% off, then $5 coupon if you spend $40 or more. Cart: $7.00, $16.49, $25.56, $15.94, $17.74, $31.47. About how much do you pay?", "exact_value": 92.07, "model": "qwen/qwen2.5-3b-instruct", "provider": "transformers", "response": "Final answer: 10", "numeric_answer": 10.0, "relative_error": 0.8913869881611817, "thinking_text": null, "has_tool_call": false, "tool_call": null, "usage": {"prompt_tokens": 215, "completion_tokens": 7, "total_tokens": 222, "token_count_source": "tokenizer"}, "decoding": {"temperature": 0.2, "top_p": null, "top_k": null, "max_tokens": 256, "seed": 42}, "prompt_tokens": 215, "completion_tokens": 7, "total_tokens": 222, "token_count_source": "tokenizer", "diffusion_steps": null, "flops_estimate": null, "flops_arch": null, "flops_model_params": null, "flops_active_params": null, "tokens_non_final": 3, "tokens_reasoning": 0, "tokens_response": 3, "elapsed_seconds": 0.23447060585021973, "judgement": "Way off"}
{"id": "discounts_001803", "topic": "discounts", "subtopic": "stacked", "prompt": "Stacked deal: 20% off, then $5 coupon if you spend $30 or more. Cart: $33.03, $6.30, $5.14, $29.72. About how much do you pay?", "exact_value": 54.35, "model": "qwen/qwen2.5-3b-instruct", "provider": "transformers", "response": "Final answer: 5", "numeric_answer": 5.0, "relative_error": 0.908003679852806, "thinking_text": null, "has_tool_call": false, "tool_call": null, "usage": {"prompt_tokens": 200, "completion_tokens": 6, "total_tokens": 206, "token_count_source": "tokenizer"}, "decoding": {"temperature": 0.2, "top_p": null, "top_k": null, "max_tokens": 256, "seed": 42}, "prompt_tokens": 200, "completion_tokens": 6, "total_tokens": 206, "token_count_source": "tokenizer", "diffusion_steps": null, "flops_estimate": null, "flops_arch": null, "flops_model_params": null, "flops_active_params": null, "tokens_non_final": 3, "tokens_reasoning": 0, "tokens_response": 3, "elapsed_seconds": 0.19519662857055664, "judgement": "Way off"}
{"id": "discounts_001823", "topic": "discounts", "subtopic": "bogo", "prompt": "BOGO sale (buy one, get one free; free item is the cheaper one in each pair). Items: $12.69, $12.41, $11.69, $9.51. About how much do you pay?", "exact_value": 24.38, "model": "qwen/qwen2.5-3b-instruct", "provider": "transformers", "response": "Final answer: 11.69", "numeric_answer": 11.69, "relative_error": 0.5205086136177195, "thinking_text": null, "has_tool_call": false, "tool_call": null, "usage": {"prompt_tokens": 199, "completion_tokens": 10, "total_tokens": 209, "token_count_source": "tokenizer"}, "decoding": {"temperature": 0.2, "top_p": null, "top_k": null, "max_tokens": 256, "seed": 42}, "prompt_tokens": 199, "completion_tokens": 10, "total_tokens": 209, "token_count_source": "tokenizer", "diffusion_steps": null, "flops_estimate": null, "flops_arch": null, "flops_model_params": null, "flops_active_params": null, "tokens_non_final": 3, "tokens_reasoning": 0, "tokens_response": 3, "elapsed_seconds": 0.3482697010040283, "judgement": "Mildly off"}
{"id": "discounts_001843", "topic": "discounts", "subtopic": "buy_n_get_m", "prompt": "Buy 4 get 2 free on items priced $5.69 each. You take 7 total. About how much do you pay?", "exact_value": 28.45, "model": "qwen/qwen2.5-3b-instruct", "provider": "transformers", "response": "3", "numeric_answer": 3.0, "relative_error": 0.8945518453427065, "thinking_text": null, "has_tool_call": false, "tool_call": null, "usage": {"prompt_tokens": 172, "completion_tokens": 2, "total_tokens": 174, "token_count_source": "tokenizer"}, "decoding": {"temperature": 0.2, "top_p": null, "top_k": null, "max_tokens": 256, "seed": 42}, "prompt_tokens": 172, "completion_tokens": 2, "total_tokens": 174, "token_count_source": "tokenizer", "diffusion_steps": null, "flops_estimate": null, "flops_arch": null, "flops_model_params": null, "flops_active_params": null, "tokens_non_final": 1, "tokens_reasoning": 0, "tokens_response": 1, "elapsed_seconds": 0.06899094581604004, "judgement": "Way off"}
{"id": "discounts_001863", "topic": "discounts", "subtopic": "percent", "prompt": "Cart: $49.70, $10.83, $19.81, $44.58. A 20% discount applies to everything. About how much do you pay?", "exact_value": 99.94, "model": "qwen/qwen2.5-3b-instruct", "provider": "transformers", "response": "Final answer: 44", "numeric_answer": 44.0, "relative_error": 0.559735841504903, "thinking_text": null, "has_tool_call": false, "tool_call": null, "usage": {"prompt_tokens": 189, "completion_tokens": 7, "total_tokens": 196, "token_count_source": "tokenizer"}, "decoding": {"temperature": 0.2, "top_p": null, "top_k": null, "max_tokens": 256, "seed": 42}, "prompt_tokens": 189, "completion_tokens": 7, "total_tokens": 196, "token_count_source": "tokenizer", "diffusion_steps": null, "flops_estimate": null, "flops_arch": null, "flops_model_params": null, "flops_active_params": null, "tokens_non_final": 3, "tokens_reasoning": 0, "tokens_response": 3, "elapsed_seconds": 0.22857046127319336, "judgement": "Mildly off"}
{"id": "taxes_000125", "topic": "taxes", "subtopic": "pre_discount_tax", "prompt": "Cart: $17.54, $53.38, $24.54, $55.21. Local sales tax is 6.0% (tax calculated before discount). About how much is the total?", "exact_value": 159.71, "model": "qwen/qwen2.5-3b-instruct", "provider": "transformers", "response": "Final answer: 15", "numeric_answer": 15.0, "relative_error": 0.906079769582368, "thinking_text": null, "has_tool_call": false, "tool_call": null, "usage": {"prompt_tokens": 194, "completion_tokens": 7, "total_tokens": 201, "token_count_source": "tokenizer"}, "decoding": {"temperature": 0.2, "top_p": null, "top_k": null, "max_tokens": 256, "seed": 42}, "prompt_tokens": 194, "completion_tokens": 7, "total_tokens": 201, "token_count_source": "tokenizer", "diffusion_steps": null, "flops_estimate": null, "flops_arch": null, "flops_model_params": null, "flops_active_params": null, "tokens_non_final": 3, "tokens_reasoning": 0, "tokens_response": 3, "elapsed_seconds": 0.24838781356811523, "judgement": "Way off"}
{"id": "taxes_000145", "topic": "taxes", "subtopic": "post_discount_tax", "prompt": "Cart: $18.69, $24.12, $48.37 with a 15% store discount. Local sales tax is 8.5% (tax after discount). About how much is the total?", "exact_value": 84.09, "model": "qwen/qwen2.5-3b-instruct", "provider": "transformers", "response": "Final answer: 1869", "numeric_answer": 1869.0, "relative_error": 21.226186229040316, "thinking_text": null, "has_tool_call": false, "tool_call": null, "usage": {"prompt_tokens": 194, "completion_tokens": 9, "total_tokens": 203, "token_count_source": "tokenizer"}, "decoding": {"temperature": 0.2, "top_p": null, "top_k": null, "max_tokens": 256, "seed": 42}, "prompt_tokens": 194, "completion_tokens": 9, "total_tokens": 203, "token_count_source": "tokenizer", "diffusion_steps": null, "flops_estimate": null, "flops_arch": null, "flops_model_params": null, "flops_active_params": null, "tokens_non_final": 3, "tokens_reasoning": 0, "tokens_response": 3, "elapsed_seconds": 0.2998802661895752, "judgement": "Way off"}
{"id": "taxes_000165", "topic": "taxes", "subtopic": "post_discount_tax", "prompt": "Cart: $36.35, $28.85, $37.41, $21.33. Local sales tax is 7.0% (tax after discount). About how much is the total?", "exact_value": 132.62, "model": "qwen/qwen2.5-3b-instruct", "provider": "transformers", "response": "Final answer: 30", "numeric_answer": 30.0, "relative_error": 0.7737897752978434, "thinking_text": null, "has_tool_call": false, "tool_call": null, "usage": {"prompt_tokens": 193, "completion_tokens": 7, "total_tokens": 200, "token_count_source": "tokenizer"}, "decoding": {"temperature": 0.2, "top_p": null, "top_k": null, "max_tokens": 256, "seed": 42}, "prompt_tokens": 193, "completion_tokens": 7, "total_tokens": 200, "token_count_source": "tokenizer", "diffusion_steps": null, "flops_estimate": null, "flops_arch": null, "flops_model_params": null, "flops_active_params": null, "tokens_non_final": 3, "tokens_reasoning": 0, "tokens_response": 3, "elapsed_seconds": 0.24673223495483398, "judgement": "Way off"}
{"id": "taxes_000185", "topic": "taxes", "subtopic": "post_discount_tax", "prompt": "Cart: $39.06, $55.17, $5.30 with a 10% store discount. Local sales tax is 8.5% (tax after discount). About how much is the total?", "exact_value": 97.19, "model": "qwen/qwen2.5-3b-instruct", "provider": "transformers", "response": "Final answer: -2", "numeric_answer": -2.0, "relative_error": 1.020578248791028, "thinking_text": null, "has_tool_call": false, "tool_call": null, "usage": {"prompt_tokens": 193, "completion_tokens": 6, "total_tokens": 199, "token_count_source": "tokenizer"}, "decoding": {"temperature": 0.2, "top_p": null, "top_k": null, "max_tokens": 256, "seed": 42}, "prompt_tokens": 193, "completion_tokens": 6, "total_tokens": 199, "token_count_source": "tokenizer", "diffusion_steps": null, "flops_estimate": null, "flops_arch": null, "flops_model_params": null, "flops_active_params": null, "tokens_non_final": 3, "tokens_reasoning": 0, "tokens_response": 3, "elapsed_seconds": 0.20812678337097168, "judgement": "Way off"}
{"id": "taxes_000205", "topic": "taxes", "subtopic": "post_discount_tax", "prompt": "Cart: $32.18, $47.34 with a 15% store discount. Local sales tax is 7.5% (tax after discount). About how much is the total?", "exact_value": 72.66, "model": "qwen/qwen2.5-3b-instruct", "provider": "transformers", "response": "Final answer: 3.3", "numeric_answer": 3.3, "relative_error": 0.9545829892650702, "thinking_text": null, "has_tool_call": false, "tool_call": null, "usage": {"prompt_tokens": 187, "completion_tokens": 8, "total_tokens": 195, "token_count_source": "tokenizer"}, "decoding": {"temperature": 0.2, "top_p": null, "top_k": null, "max_tokens": 256, "seed": 42}, "prompt_tokens": 187, "completion_tokens": 8, "total_tokens": 195, "token_count_source": "tokenizer", "diffusion_steps": null, "flops_estimate": null, "flops_arch": null, "flops_model_params": null, "flops_active_params": null, "tokens_non_final": 3, "tokens_reasoning": 0, "tokens_response": 3, "elapsed_seconds": 0.2650794982910156, "judgement": "Way off"}
{"id": "taxes_000225", "topic": "taxes", "subtopic": "pre_discount_tax", "prompt": "Cart: $46.98, $51.52 with a 20% store discount. Local sales tax is 7.0% (tax calculated before discount). About how much is the total?", "exact_value": 85.7, "model": "qwen/qwen2.5-3b-instruct", "provider": "transformers", "response": "Final answer: 46", "numeric_answer": 46.0, "relative_error": 0.4632438739789965, "thinking_text": null, "has_tool_call": false, "tool_call": null, "usage": {"prompt_tokens": 188, "completion_tokens": 7, "total_tokens": 195, "token_count_source": "tokenizer"}, "decoding": {"temperature": 0.2, "top_p": null, "top_k": null, "max_tokens": 256, "seed": 42}, "prompt_tokens": 188, "completion_tokens": 7, "total_tokens": 195, "token_count_source": "tokenizer", "diffusion_steps": null, "flops_estimate": null, "flops_arch": null, "flops_model_params": null, "flops_active_params": null, "tokens_non_final": 3, "tokens_reasoning": 0, "tokens_response": 3, "elapsed_seconds": 0.25379204750061035, "judgement": "Mildly off"}
{"id": "taxes_000245", "topic": "taxes", "subtopic": "post_discount_tax", "prompt": "Cart: $7.93, $42.44 with a 20% store discount. Local sales tax is 8.5% (tax after discount). About how much is the total?", "exact_value": 43.72, "model": "qwen/qwen2.5-3b-instruct", "provider": "transformers", "response": "Final answer: -1", "numeric_answer": -1.0, "relative_error": 1.0228728270814273, "thinking_text": null, "has_tool_call": false, "tool_call": null, "usage": {"prompt_tokens": 186, "completion_tokens": 6, "total_tokens": 192, "token_count_source": "tokenizer"}, "decoding": {"temperature": 0.2, "top_p": null, "top_k": null, "max_tokens": 256, "seed": 42}, "prompt_tokens": 186, "completion_tokens": 6, "total_tokens": 192, "token_count_source": "tokenizer", "diffusion_steps": null, "flops_estimate": null, "flops_arch": null, "flops_model_params": null, "flops_active_params": null, "tokens_non_final": 3, "tokens_reasoning": 0, "tokens_response": 3, "elapsed_seconds": 0.19996118545532227, "judgement": "Way off"}
{"id": "taxes_000265", "topic": "taxes", "subtopic": "pre_discount_tax", "prompt": "Cart: $49.77, $52.43 with a 15% store discount. Local sales tax is 7.0% (tax calculated before discount). About how much is the total?", "exact_value": 94.02, "model": "qwen/qwen2.5-3b-instruct", "provider": "transformers", "response": "Final answer: -8", "numeric_answer": -8.0, "relative_error": 1.0850882790895555, "thinking_text": null, "has_tool_call": false, "tool_call": null, "usage": {"prompt_tokens": 188, "completion_tokens": 6, "total_tokens": 194, "token_count_source": "tokenizer"}, "decoding": {"temperature": 0.2, "top_p": null, "top_k": null, "max_tokens": 256, "seed": 42}, "prompt_tokens": 188, "completion_tokens": 6, "total_tokens": 194, "token_count_source": "tokenizer", "diffusion_steps": null, "flops_estimate": null, "flops_arch": null, "flops_model_params": null, "flops_active_params": null, "tokens_non_final": 3, "tokens_reasoning": 0, "tokens_response": 3, "elapsed_seconds": 0.19462060928344727, "judgement": "Way off"}
{"id": "taxes_000285", "topic": "taxes", "subtopic": "pre_discount_tax", "prompt": "Cart: $55.10, $57.04, $26.06. Local sales tax is 8.0% (tax calculated before discount). About how much is the total?", "exact_value": 149.26, "model": "qwen/qwen2.5-3b-instruct", "provider": "transformers", "response": "Final answer: 10", "numeric_answer": 10.0, "relative_error": 0.9330028138818169, "thinking_text": null, "has_tool_call": false, "tool_call": null, "usage": {"prompt_tokens": 187, "completion_tokens": 7, "total_tokens": 194, "token_count_source": "tokenizer"}, "decoding": {"temperature": 0.2, "top_p": null, "top_k": null, "max_tokens": 256, "seed": 42}, "prompt_tokens": 187, "completion_tokens": 7, "total_tokens": 194, "token_count_source": "tokenizer", "diffusion_steps": null, "flops_estimate": null, "flops_arch": null, "flops_model_params": null, "flops_active_params": null, "tokens_non_final": 3, "tokens_reasoning": 0, "tokens_response": 3, "elapsed_seconds": 0.2577188014984131, "judgement": "Way off"}
{"id": "taxes_000305", "topic": "taxes", "subtopic": "post_discount_tax", "prompt": "Cart: $11.77, $16.54, $39.43, $8.08 with a 15% store discount. Local sales tax is 8.0% (tax after discount). About how much is the total?", "exact_value": 69.6, "model": "qwen/qwen2.5-3b-instruct", "provider": "transformers", "response": "Final answer: 10", "numeric_answer": 10.0, "relative_error": 0.8563218390804598, "thinking_text": null, "has_tool_call": false, "tool_call": null, "usage": {"prompt_tokens": 200, "completion_tokens": 7, "total_tokens": 207, "token_count_source": "tokenizer"}, "decoding": {"temperature": 0.2, "top_p": null, "top_k": null, "max_tokens": 256, "seed": 42}, "prompt_tokens": 200, "completion_tokens": 7, "total_tokens": 207, "token_count_source": "tokenizer", "diffusion_steps": null, "flops_estimate": null, "flops_arch": null, "flops_model_params": null, "flops_active_params": null, "tokens_non_final": 3, "tokens_reasoning": 0, "tokens_response": 3, "elapsed_seconds": 0.23337459564208984, "judgement": "Way off"}
{"id": "taxes_000325", "topic": "taxes", "subtopic": "post_discount_tax", "prompt": "Cart: $39.73, $18.58, $45.77, $3.63, $35.20 with a 20% store discount. Local sales tax is 6.0% (tax after discount). About how much is the total?", "exact_value": 121.19, "model": "qwen/qwen2.5-3b-instruct", "provider": "transformers", "response": "Final answer: 39", "numeric_answer": 39.0, "relative_error": 0.6781912699067579, "thinking_text": null, "has_tool_call": false, "tool_call": null, "usage": {"prompt_tokens": 207, "completion_tokens": 7, "total_tokens": 214, "token_count_source": "tokenizer"}, "decoding": {"temperature": 0.2, "top_p": null, "top_k": null, "max_tokens": 256, "seed": 42}, "prompt_tokens": 207, "completion_tokens": 7, "total_tokens": 214, "token_count_source": "tokenizer", "diffusion_steps": null, "flops_estimate": null, "flops_arch": null, "flops_model_params": null, "flops_active_params": null, "tokens_non_final": 3, "tokens_reasoning": 0, "tokens_response": 3, "elapsed_seconds": 0.24727272987365723, "judgement": "Way off"}
{"id": "taxes_000345", "topic": "taxes", "subtopic": "post_discount_tax", "prompt": "Cart: $24.56, $46.80, $5.58, $29.56 with a 20% store discount. Local sales tax is 7.0% (tax after discount). About how much is the total?", "exact_value": 91.16, "model": "qwen/qwen2.5-3b-instruct", "provider": "transformers", "response": "Final answer: 24", "numeric_answer": 24.0, "relative_error": 0.7367266344888109, "thinking_text": null, "has_tool_call": false, "tool_call": null, "usage": {"prompt_tokens": 200, "completion_tokens": 7, "total_tokens": 207, "token_count_source": "tokenizer"}, "decoding": {"temperature": 0.2, "top_p": null, "top_k": null, "max_tokens": 256, "seed": 42}, "prompt_tokens": 200, "completion_tokens": 7, "total_tokens": 207, "token_count_source": "tokenizer", "diffusion_steps": null, "flops_estimate": null, "flops_arch": null, "flops_model_params": null, "flops_active_params": null, "tokens_non_final": 3, "tokens_reasoning": 0, "tokens_response": 3, "elapsed_seconds": 0.24286365509033203, "judgement": "Way off"}
{"id": "taxes_000365", "topic": "taxes", "subtopic": "pre_discount_tax", "prompt": "Cart: $25.08, $28.92, $32.37 with a 15% store discount. Local sales tax is 6.0% (tax calculated before discount). About how much is the total?", "exact_value": 78.6, "model": "qwen/qwen2.5-3b-instruct", "provider": "transformers", "response": "Final answer: 25", "numeric_answer": 25.0, "relative_error": 0.6819338422391857, "thinking_text": null, "has_tool_call": false, "tool_call": null, "usage": {"prompt_tokens": 195, "completion_tokens": 7, "total_tokens": 202, "token_count_source": "tokenizer"}, "decoding": {"temperature": 0.2, "top_p": null, "top_k": null, "max_tokens": 256, "seed": 42}, "prompt_tokens": 195, "completion_tokens": 7, "total_tokens": 202, "token_count_source": "tokenizer", "diffusion_steps": null, "flops_estimate": null, "flops_arch": null, "flops_model_params": null, "flops_active_params": null, "tokens_non_final": 3, "tokens_reasoning": 0, "tokens_response": 3, "elapsed_seconds": 0.23082876205444336, "judgement": "Way off"}
{"id": "taxes_000385", "topic": "taxes", "subtopic": "pre_discount_tax", "prompt": "Cart: $51.59, $30.61, $22.59, $17.83 with a 10% store discount. Local sales tax is 8.5% (tax calculated before discount). About how much is the total?", "exact_value": 120.78, "model": "qwen/qwen2.5-3b-instruct", "provider": "transformers", "response": "Final answer: 5", "numeric_answer": 5.0, "relative_error": 0.958602417618811, "thinking_text": null, "has_tool_call": false, "tool_call": null, "usage": {"prompt_tokens": 202, "completion_tokens": 6, "total_tokens": 208, "token_count_source": "tokenizer"}, "decoding": {"temperature": 0.2, "top_p": null, "top_k": null, "max_tokens": 256, "seed": 42}, "prompt_tokens": 202, "completion_tokens": 6, "total_tokens": 208, "token_count_source": "tokenizer", "diffusion_steps": null, "flops_estimate": null, "flops_arch": null, "flops_model_params": null, "flops_active_params": null, "tokens_non_final": 3, "tokens_reasoning": 0, "tokens_response": 3, "elapsed_seconds": 0.21013355255126953, "judgement": "Way off"}
{"id": "taxes_000405", "topic": "taxes", "subtopic": "pre_discount_tax", "prompt": "Cart: $53.39, $53.80, $28.30, $24.65, $5.80 with a 20% store discount. Local sales tax is 7.0% (tax calculated before discount). About how much is the total?", "exact_value": 144.37, "model": "qwen/qwen2.5-3b-instruct", "provider": "transformers", "response": "Final answer: 53", "numeric_answer": 53.0, "relative_error": 0.6328877190552054, "thinking_text": null, "has_tool_call": false, "tool_call": null, "usage": {"prompt_tokens": 208, "completion_tokens": 7, "total_tokens": 215, "token_count_source": "tokenizer"}, "decoding": {"temperature": 0.2, "top_p": null, "top_k": null, "max_tokens": 256, "seed": 42}, "prompt_tokens": 208, "completion_tokens": 7, "total_tokens": 215, "token_count_source": "tokenizer", "diffusion_steps": null, "flops_estimate": null, "flops_arch": null, "flops_model_params": null, "flops_active_params": null, "tokens_non_final": 3, "tokens_reasoning": 0, "tokens_response": 3, "elapsed_seconds": 0.24015140533447266, "judgement": "Way off"}
{"id": "taxes_000425", "topic": "taxes", "subtopic": "post_discount_tax", "prompt": "Cart: $22.61, $7.97, $56.54, $11.80. Local sales tax is 7.0% (tax after discount). About how much is the total?", "exact_value": 105.84, "model": "qwen/qwen2.5-3b-instruct", "provider": "transformers", "response": "Final answer: 10", "numeric_answer": 10.0, "relative_error": 0.9055177626606198, "thinking_text": null, "has_tool_call": false, "tool_call": null, "usage": {"prompt_tokens": 192, "completion_tokens": 7, "total_tokens": 199, "token_count_source": "tokenizer"}, "decoding": {"temperature": 0.2, "top_p": null, "top_k": null, "max_tokens": 256, "seed": 42}, "prompt_tokens": 192, "completion_tokens": 7, "total_tokens": 199, "token_count_source": "tokenizer", "diffusion_steps": null, "flops_estimate": null, "flops_arch": null, "flops_model_params": null, "flops_active_params": null, "tokens_non_final": 3, "tokens_reasoning": 0, "tokens_response": 3, "elapsed_seconds": 0.22797799110412598, "judgement": "Way off"}
{"id": "taxes_000445", "topic": "taxes", "subtopic": "pre_discount_tax", "prompt": "Cart: $46.59, $16.28. Local sales tax is 8.5% (tax calculated before discount). About how much is the total?", "exact_value": 68.21, "model": "qwen/qwen2.5-3b-instruct", "provider": "transformers", "response": "Final answer: 46", "numeric_answer": 46.0, "relative_error": 0.325612080340126, "thinking_text": null, "has_tool_call": false, "tool_call": null, "usage": {"prompt_tokens": 180, "completion_tokens": 7, "total_tokens": 187, "token_count_source": "tokenizer"}, "decoding": {"temperature": 0.2, "top_p": null, "top_k": null, "max_tokens": 256, "seed": 42}, "prompt_tokens": 180, "completion_tokens": 7, "total_tokens": 187, "token_count_source": "tokenizer", "diffusion_steps": null, "flops_estimate": null, "flops_arch": null, "flops_model_params": null, "flops_active_params": null, "tokens_non_final": 3, "tokens_reasoning": 0, "tokens_response": 3, "elapsed_seconds": 0.24605345726013184, "judgement": "Mildly off"}
{"id": "taxes_000465", "topic": "taxes", "subtopic": "pre_discount_tax", "prompt": "Cart: $4.60, $30.69, $19.15 with a 10% store discount. Local sales tax is 7.0% (tax calculated before discount). About how much is the total?", "exact_value": 52.81, "model": "qwen/qwen2.5-3b-instruct", "provider": "transformers", "response": "Final answer: -2", "numeric_answer": -2.0, "relative_error": 1.0378716152243894, "thinking_text": null, "has_tool_call": false, "tool_call": null, "usage": {"prompt_tokens": 194, "completion_tokens": 6, "total_tokens": 200, "token_count_source": "tokenizer"}, "decoding": {"temperature": 0.2, "top_p": null, "top_k": null, "max_tokens": 256, "seed": 42}, "prompt_tokens": 194, "completion_tokens": 6, "total_tokens": 200, "token_count_source": "tokenizer", "diffusion_steps": null, "flops_estimate": null, "flops_arch": null, "flops_model_params": null, "flops_active_params": null, "tokens_non_final": 3, "tokens_reasoning": 0, "tokens_response": 3, "elapsed_seconds": 0.20923995971679688, "judgement": "Way off"}
{"id": "taxes_000485", "topic": "taxes", "subtopic": "post_discount_tax", "prompt": "Cart: $34.84, $9.92, $58.12 with a 15% store discount. Local sales tax is 8.0% (tax after discount). About how much is the total?", "exact_value": 94.44, "model": "qwen/qwen2.5-3b-instruct", "provider": "transformers", "response": "Final answer: 34", "numeric_answer": 34.0, "relative_error": 0.6399830580262601, "thinking_text": null, "has_tool_call": false, "tool_call": null, "usage": {"prompt_tokens": 193, "completion_tokens": 7, "total_tokens": 200, "token_count_source": "tokenizer"}, "decoding": {"temperature": 0.2, "top_p": null, "top_k": null, "max_tokens": 256, "seed": 42}, "prompt_tokens": 193, "completion_tokens": 7, "total_tokens": 200, "token_count_source": "tokenizer", "diffusion_steps": null, "flops_estimate": null, "flops_arch": null, "flops_model_params": null, "flops_active_params": null, "tokens_non_final": 3, "tokens_reasoning": 0, "tokens_response": 3, "elapsed_seconds": 0.23221755027770996, "judgement": "Way off"}
{"id": "taxes_000505", "topic": "taxes", "subtopic": "post_discount_tax", "prompt": "Cart: $21.24, $18.83, $46.12, $12.11, $38.47 with a 15% store discount. Local sales tax is 7.0% (tax after discount). About how much is the total?", "exact_value": 124.39, "model": "qwen/qwen2.5-3b-instruct", "provider": "transformers", "response": "Final answer: 20", "numeric_answer": 20.0, "relative_error": 0.8392153710105313, "thinking_text": null, "has_tool_call": false, "tool_call": null, "usage": {"prompt_tokens": 208, "completion_tokens": 7, "total_tokens": 215, "token_count_source": "tokenizer"}, "decoding": {"temperature": 0.2, "top_p": null, "top_k": null, "max_tokens": 256, "seed": 42}, "prompt_tokens": 208, "completion_tokens": 7, "total_tokens": 215, "token_count_source": "tokenizer", "diffusion_steps": null, "flops_estimate": null, "flops_arch": null, "flops_model_params": null, "flops_active_params": null, "tokens_non_final": 3, "tokens_reasoning": 0, "tokens_response": 3, "elapsed_seconds": 0.2481698989868164, "judgement": "Way off"}
{"id": "taxes_000525", "topic": "taxes", "subtopic": "pre_discount_tax", "prompt": "Cart: $40.81, $31.93, $33.24, $7.40. Local sales tax is 7.0% (tax calculated before discount). About how much is the total?", "exact_value": 121.32, "model": "qwen/qwen2.5-3b-instruct", "provider": "transformers", "response": "Final answer: 408", "numeric_answer": 408.0, "relative_error": 2.3630069238377844, "thinking_text": null, "has_tool_call": false, "tool_call": null, "usage": {"prompt_tokens": 193, "completion_tokens": 8, "total_tokens": 201, "token_count_source": "tokenizer"}, "decoding": {"temperature": 0.2, "top_p": null, "top_k": null, "max_tokens": 256, "seed": 42}, "prompt_tokens": 193, "completion_tokens": 8, "total_tokens": 201, "token_count_source": "tokenizer", "diffusion_steps": null, "flops_estimate": null, "flops_arch": null, "flops_model_params": null, "flops_active_params": null, "tokens_non_final": 3, "tokens_reasoning": 0, "tokens_response": 3, "elapsed_seconds": 0.2680497169494629, "judgement": "Way off"}
{"id": "taxes_000545", "topic": "taxes", "subtopic": "pre_discount_tax", "prompt": "Cart: $59.68, $15.72 with a 15% store discount. Local sales tax is 8.5% (tax calculated before discount). About how much is the total?", "exact_value": 70.5, "model": "qwen/qwen2.5-3b-instruct", "provider": "transformers", "response": "Final answer: 5968", "numeric_answer": 5968.0, "relative_error": 83.65248226950355, "thinking_text": null, "has_tool_call": false, "tool_call": null, "usage": {"prompt_tokens": 188, "completion_tokens": 9, "total_tokens": 197, "token_count_source": "tokenizer"}, "decoding": {"temperature": 0.2, "top_p": null, "top_k": null, "max_tokens": 256, "seed": 42}, "prompt_tokens": 188, "completion_tokens": 9, "total_tokens": 197, "token_count_source": "tokenizer", "diffusion_steps": null, "flops_estimate": null, "flops_arch": null, "flops_model_params": null, "flops_active_params": null, "tokens_non_final": 3, "tokens_reasoning": 0, "tokens_response": 3, "elapsed_seconds": 0.3115220069885254, "judgement": "Way off"}
{"id": "taxes_000565", "topic": "taxes", "subtopic": "pre_discount_tax", "prompt": "Cart: $26.85, $46.69, $42.49 with a 10% store discount. Local sales tax is 8.0% (tax calculated before discount). About how much is the total?", "exact_value": 113.71, "model": "qwen/qwen2.5-3b-instruct", "provider": "transformers", "response": "Final answer: 4", "numeric_answer": 4.0, "relative_error": 0.9648227948289508, "thinking_text": null, "has_tool_call": false, "tool_call": null, "usage": {"prompt_tokens": 195, "completion_tokens": 6, "total_tokens": 201, "token_count_source": "tokenizer"}, "decoding": {"temperature": 0.2, "top_p": null, "top_k": null, "max_tokens": 256, "seed": 42}, "prompt_tokens": 195, "completion_tokens": 6, "total_tokens": 201, "token_count_source": "tokenizer", "diffusion_steps": null, "flops_estimate": null, "flops_arch": null, "flops_model_params": null, "flops_active_params": null, "tokens_non_final": 3, "tokens_reasoning": 0, "tokens_response": 3, "elapsed_seconds": 0.20341110229492188, "judgement": "Way off"}
{"id": "taxes_000585", "topic": "taxes", "subtopic": "pre_discount_tax", "prompt": "Cart: $39.46, $16.46, $27.60 with a 15% store discount. Local sales tax is 7.5% (tax calculated before discount). About how much is the total?", "exact_value": 77.26, "model": "qwen/qwen2.5-3b-instruct", "provider": "transformers", "response": "Final answer: -8", "numeric_answer": -8.0, "relative_error": 1.1035464664768315, "thinking_text": null, "has_tool_call": false, "tool_call": null, "usage": {"prompt_tokens": 195, "completion_tokens": 6, "total_tokens": 201, "token_count_source": "tokenizer"}, "decoding": {"temperature": 0.2, "top_p": null, "top_k": null, "max_tokens": 256, "seed": 42}, "prompt_tokens": 195, "completion_tokens": 6, "total_tokens": 201, "token_count_source": "tokenizer", "diffusion_steps": null, "flops_estimate": null, "flops_arch": null, "flops_model_params": null, "flops_active_params": null, "tokens_non_final": 3, "tokens_reasoning": 0, "tokens_response": 3, "elapsed_seconds": 0.19342279434204102, "judgement": "Way off"}
{"id": "taxes_000605", "topic": "taxes", "subtopic": "post_discount_tax", "prompt": "Cart: $56.51, $45.65, $41.70 with a 15% store discount. Local sales tax is 8.5% (tax after discount). About how much is the total?", "exact_value": 132.67, "model": "qwen/qwen2.5-3b-instruct", "provider": "transformers", "response": "Final answer: 4", "numeric_answer": 4.0, "relative_error": 0.9698500037687495, "thinking_text": null, "has_tool_call": false, "tool_call": null, "usage": {"prompt_tokens": 194, "completion_tokens": 6, "total_tokens": 200, "token_count_source": "tokenizer"}, "decoding": {"temperature": 0.2, "top_p": null, "top_k": null, "max_tokens": 256, "seed": 42}, "prompt_tokens": 194, "completion_tokens": 6, "total_tokens": 200, "token_count_source": "tokenizer", "diffusion_steps": null, "flops_estimate": null, "flops_arch": null, "flops_model_params": null, "flops_active_params": null, "tokens_non_final": 3, "tokens_reasoning": 0, "tokens_response": 3, "elapsed_seconds": 0.19323492050170898, "judgement": "Way off"}
{"id": "taxes_000625", "topic": "taxes", "subtopic": "post_discount_tax", "prompt": "Cart: $45.52, $11.14, $39.66 with a 15% store discount. Local sales tax is 7.5% (tax after discount). About how much is the total?", "exact_value": 88.01, "model": "qwen/qwen2.5-3b-instruct", "provider": "transformers", "response": "Final answer: 4", "numeric_answer": 4.0, "relative_error": 0.9545506192478127, "thinking_text": null, "has_tool_call": false, "tool_call": null, "usage": {"prompt_tokens": 194, "completion_tokens": 6, "total_tokens": 200, "token_count_source": "tokenizer"}, "decoding": {"temperature": 0.2, "top_p": null, "top_k": null, "max_tokens": 256, "seed": 42}, "prompt_tokens": 194, "completion_tokens": 6, "total_tokens": 200, "token_count_source": "tokenizer", "diffusion_steps": null, "flops_estimate": null, "flops_arch": null, "flops_model_params": null, "flops_active_params": null, "tokens_non_final": 3, "tokens_reasoning": 0, "tokens_response": 3, "elapsed_seconds": 0.21206998825073242, "judgement": "Way off"}
{"id": "taxes_000645", "topic": "taxes", "subtopic": "post_discount_tax", "prompt": "Cart: $49.33, $22.71, $22.30, $10.61 with a 10% store discount. Local sales tax is 8.0% (tax after discount). About how much is the total?", "exact_value": 102.01, "model": "qwen/qwen2.5-3b-instruct", "provider": "transformers", "response": "Final answer: -1", "numeric_answer": -1.0, "relative_error": 1.0098029604940693, "thinking_text": null, "has_tool_call": false, "tool_call": null, "usage": {"prompt_tokens": 201, "completion_tokens": 6, "total_tokens": 207, "token_count_source": "tokenizer"}, "decoding": {"temperature": 0.2, "top_p": null, "top_k": null, "max_tokens": 256, "seed": 42}, "prompt_tokens": 201, "completion_tokens": 6, "total_tokens": 207, "token_count_source": "tokenizer", "diffusion_steps": null, "flops_estimate": null, "flops_arch": null, "flops_model_params": null, "flops_active_params": null, "tokens_non_final": 3, "tokens_reasoning": 0, "tokens_response": 3, "elapsed_seconds": 0.21533536911010742, "judgement": "Way off"}
{"id": "taxes_000665", "topic": "taxes", "subtopic": "post_discount_tax", "prompt": "Cart: $34.33, $12.25, $33.01 with a 10% store discount. Local sales tax is 8.5% (tax after discount). About how much is the total?", "exact_value": 77.72, "model": "qwen/qwen2.5-3b-instruct", "provider": "transformers", "response": "Final answer: -34.33", "numeric_answer": -34.33, "relative_error": 1.4417138445702522, "thinking_text": null, "has_tool_call": false, "tool_call": null, "usage": {"prompt_tokens": 194, "completion_tokens": 10, "total_tokens": 204, "token_count_source": "tokenizer"}, "decoding": {"temperature": 0.2, "top_p": null, "top_k": null, "max_tokens": 256, "seed": 42}, "prompt_tokens": 194, "completion_tokens": 10, "total_tokens": 204, "token_count_source": "tokenizer", "diffusion_steps": null, "flops_estimate": null, "flops_arch": null, "flops_model_params": null, "flops_active_params": null, "tokens_non_final": 3, "tokens_reasoning": 0, "tokens_response": 3, "elapsed_seconds": 0.32376718521118164, "judgement": "Way off"}
{"id": "taxes_000685", "topic": "taxes", "subtopic": "post_discount_tax", "prompt": "Cart: $45.39, $47.08, $42.29, $28.76, $33.64. Local sales tax is 8.0% (tax after discount). About how much is the total?", "exact_value": 212.93, "model": "qwen/qwen2.5-3b-instruct", "provider": "transformers", "response": "Final answer: 45", "numeric_answer": 45.0, "relative_error": 0.7886629408725873, "thinking_text": null, "has_tool_call": false, "tool_call": null, "usage": {"prompt_tokens": 200, "completion_tokens": 7, "total_tokens": 207, "token_count_source": "tokenizer"}, "decoding": {"temperature": 0.2, "top_p": null, "top_k": null, "max_tokens": 256, "seed": 42}, "prompt_tokens": 200, "completion_tokens": 7, "total_tokens": 207, "token_count_source": "tokenizer", "diffusion_steps": null, "flops_estimate": null, "flops_arch": null, "flops_model_params": null, "flops_active_params": null, "tokens_non_final": 3, "tokens_reasoning": 0, "tokens_response": 3, "elapsed_seconds": 0.2454226016998291, "judgement": "Way off"}
{"id": "taxes_000705", "topic": "taxes", "subtopic": "post_discount_tax", "prompt": "Cart: $40.98, $7.11, $42.94, $15.29 with a 10% store discount. Local sales tax is 8.0% (tax after discount). About how much is the total?", "exact_value": 103.34, "model": "qwen/qwen2.5-3b-instruct", "provider": "transformers", "response": "Final answer: 4098", "numeric_answer": 4098.0, "relative_error": 38.655506096380876, "thinking_text": null, "has_tool_call": false, "tool_call": null, "usage": {"prompt_tokens": 200, "completion_tokens": 9, "total_tokens": 209, "token_count_source": "tokenizer"}, "decoding": {"temperature": 0.2, "top_p": null, "top_k": null, "max_tokens": 256, "seed": 42}, "prompt_tokens": 200, "completion_tokens": 9, "total_tokens": 209, "token_count_source": "tokenizer", "diffusion_steps": null, "flops_estimate": null, "flops_arch": null, "flops_model_params": null, "flops_active_params": null, "tokens_non_final": 3, "tokens_reasoning": 0, "tokens_response": 3, "elapsed_seconds": 0.2988462448120117, "judgement": "Way off"}
{"id": "taxes_000725", "topic": "taxes", "subtopic": "post_discount_tax", "prompt": "Cart: $58.29, $57.54, $3.90, $13.77, $33.83 with a 15% store discount. Local sales tax is 7.0% (tax after discount). About how much is the total?", "exact_value": 152.19, "model": "qwen/qwen2.5-3b-instruct", "provider": "transformers", "response": "Final answer: 58", "numeric_answer": 58.0, "relative_error": 0.6188974308430252, "thinking_text": null, "has_tool_call": false, "tool_call": null, "usage": {"prompt_tokens": 207, "completion_tokens": 7, "total_tokens": 214, "token_count_source": "tokenizer"}, "decoding": {"temperature": 0.2, "top_p": null, "top_k": null, "max_tokens": 256, "seed": 42}, "prompt_tokens": 207, "completion_tokens": 7, "total_tokens": 214, "token_count_source": "tokenizer", "diffusion_steps": null, "flops_estimate": null, "flops_arch": null, "flops_model_params": null, "flops_active_params": null, "tokens_non_final": 3, "tokens_reasoning": 0, "tokens_response": 3, "elapsed_seconds": 0.23950910568237305, "judgement": "Way off"}
{"id": "taxes_000745", "topic": "taxes", "subtopic": "post_discount_tax", "prompt": "Cart: $54.15, $17.05, $39.04, $11.06 with a 20% store discount. Local sales tax is 6.0% (tax after discount). About how much is the total?", "exact_value": 102.86, "model": "qwen/qwen2.5-3b-instruct", "provider": "transformers", "response": "Final answer: 10", "numeric_answer": 10.0, "relative_error": 0.9027804783200467, "thinking_text": null, "has_tool_call": false, "tool_call": null, "usage": {"prompt_tokens": 201, "completion_tokens": 7, "total_tokens": 208, "token_count_source": "tokenizer"}, "decoding": {"temperature": 0.2, "top_p": null, "top_k": null, "max_tokens": 256, "seed": 42}, "prompt_tokens": 201, "completion_tokens": 7, "total_tokens": 208, "token_count_source": "tokenizer", "diffusion_steps": null, "flops_estimate": null, "flops_arch": null, "flops_model_params": null, "flops_active_params": null, "tokens_non_final": 3, "tokens_reasoning": 0, "tokens_response": 3, "elapsed_seconds": 0.24860286712646484, "judgement": "Way off"}
{"id": "taxes_000765", "topic": "taxes", "subtopic": "pre_discount_tax", "prompt": "Cart: $57.68, $16.68, $27.84, $52.23, $26.02 with a 15% store discount. Local sales tax is 6.0% (tax calculated before discount). About how much is the total?", "exact_value": 164.21, "model": "qwen/qwen2.5-3b-instruct", "provider": "transformers", "response": "Final answer: 2", "numeric_answer": 2.0, "relative_error": 0.9878204737835699, "thinking_text": null, "has_tool_call": false, "tool_call": null, "usage": {"prompt_tokens": 209, "completion_tokens": 6, "total_tokens": 215, "token_count_source": "tokenizer"}, "decoding": {"temperature": 0.2, "top_p": null, "top_k": null, "max_tokens": 256, "seed": 42}, "prompt_tokens": 209, "completion_tokens": 6, "total_tokens": 215, "token_count_source": "tokenizer", "diffusion_steps": null, "flops_estimate": null, "flops_arch": null, "flops_model_params": null, "flops_active_params": null, "tokens_non_final": 3, "tokens_reasoning": 0, "tokens_response": 3, "elapsed_seconds": 0.19878721237182617, "judgement": "Way off"}
{"id": "taxes_000785", "topic": "taxes", "subtopic": "post_discount_tax", "prompt": "Cart: $25.69, $31.24 with a 10% store discount. Local sales tax is 6.0% (tax after discount). About how much is the total?", "exact_value": 54.31, "model": "qwen/qwen2.5-3b-instruct", "provider": "transformers", "response": "Final answer: 2569", "numeric_answer": 2569.0, "relative_error": 46.302522555698765, "thinking_text": null, "has_tool_call": false, "tool_call": null, "usage": {"prompt_tokens": 187, "completion_tokens": 9, "total_tokens": 196, "token_count_source": "tokenizer"}, "decoding": {"temperature": 0.2, "top_p": null, "top_k": null, "max_tokens": 256, "seed": 42}, "prompt_tokens": 187, "completion_tokens": 9, "total_tokens": 196, "token_count_source": "tokenizer", "diffusion_steps": null, "flops_estimate": null, "flops_arch": null, "flops_model_params": null, "flops_active_params": null, "tokens_non_final": 3, "tokens_reasoning": 0, "tokens_response": 3, "elapsed_seconds": 0.3092942237854004, "judgement": "Way off"}
{"id": "taxes_000805", "topic": "taxes", "subtopic": "post_discount_tax", "prompt": "Cart: $40.12, $28.74 with a 15% store discount. Local sales tax is 7.5% (tax after discount). About how much is the total?", "exact_value": 62.92, "model": "qwen/qwen2.5-3b-instruct", "provider": "transformers", "response": "Final answer: 4.5", "numeric_answer": 4.5, "relative_error": 0.9284806102987921, "thinking_text": null, "has_tool_call": false, "tool_call": null, "usage": {"prompt_tokens": 187, "completion_tokens": 8, "total_tokens": 195, "token_count_source": "tokenizer"}, "decoding": {"temperature": 0.2, "top_p": null, "top_k": null, "max_tokens": 256, "seed": 42}, "prompt_tokens": 187, "completion_tokens": 8, "total_tokens": 195, "token_count_source": "tokenizer", "diffusion_steps": null, "flops_estimate": null, "flops_arch": null, "flops_model_params": null, "flops_active_params": null, "tokens_non_final": 3, "tokens_reasoning": 0, "tokens_response": 3, "elapsed_seconds": 0.2666330337524414, "judgement": "Way off"}
{"id": "taxes_000825", "topic": "taxes", "subtopic": "pre_discount_tax", "prompt": "Cart: $42.07, $45.58, $4.03. Local sales tax is 8.5% (tax calculated before discount). About how much is the total?", "exact_value": 99.47, "model": "qwen/qwen2.5-3b-instruct", "provider": "transformers", "response": "Final answer: 4.03", "numeric_answer": 4.03, "relative_error": 0.9594852719412889, "thinking_text": null, "has_tool_call": false, "tool_call": null, "usage": {"prompt_tokens": 186, "completion_tokens": 9, "total_tokens": 195, "token_count_source": "tokenizer"}, "decoding": {"temperature": 0.2, "top_p": null, "top_k": null, "max_tokens": 256, "seed": 42}, "prompt_tokens": 186, "completion_tokens": 9, "total_tokens": 195, "token_count_source": "tokenizer", "diffusion_steps": null, "flops_estimate": null, "flops_arch": null, "flops_model_params": null, "flops_active_params": null, "tokens_non_final": 3, "tokens_reasoning": 0, "tokens_response": 3, "elapsed_seconds": 0.30654144287109375, "judgement": "Way off"}
{"id": "taxes_000845", "topic": "taxes", "subtopic": "post_discount_tax", "prompt": "Cart: $15.87, $9.20, $33.08, $43.65, $38.88 with a 20% store discount. Local sales tax is 6.0% (tax after discount). About how much is the total?", "exact_value": 119.3, "model": "qwen/qwen2.5-3b-instruct", "provider": "transformers", "response": "Final answer: 38", "numeric_answer": 38.0, "relative_error": 0.6814752724224644, "thinking_text": null, "has_tool_call": false, "tool_call": null, "usage": {"prompt_tokens": 207, "completion_tokens": 7, "total_tokens": 214, "token_count_source": "tokenizer"}, "decoding": {"temperature": 0.2, "top_p": null, "top_k": null, "max_tokens": 256, "seed": 42}, "prompt_tokens": 207, "completion_tokens": 7, "total_tokens": 214, "token_count_source": "tokenizer", "diffusion_steps": null, "flops_estimate": null, "flops_arch": null, "flops_model_params": null, "flops_active_params": null, "tokens_non_final": 3, "tokens_reasoning": 0, "tokens_response": 3, "elapsed_seconds": 0.24097323417663574, "judgement": "Way off"}
{"id": "taxes_000865", "topic": "taxes", "subtopic": "post_discount_tax", "prompt": "Cart: $58.64, $45.63, $26.84 with a 20% store discount. Local sales tax is 7.5% (tax after discount). About how much is the total?", "exact_value": 112.75, "model": "qwen/qwen2.5-3b-instruct", "provider": "transformers", "response": "Final answer: 58", "numeric_answer": 58.0, "relative_error": 0.48558758314855877, "thinking_text": null, "has_tool_call": false, "tool_call": null, "usage": {"prompt_tokens": 194, "completion_tokens": 7, "total_tokens": 201, "token_count_source": "tokenizer"}, "decoding": {"temperature": 0.2, "top_p": null, "top_k": null, "max_tokens": 256, "seed": 42}, "prompt_tokens": 194, "completion_tokens": 7, "total_tokens": 201, "token_count_source": "tokenizer", "diffusion_steps": null, "flops_estimate": null, "flops_arch": null, "flops_model_params": null, "flops_active_params": null, "tokens_non_final": 3, "tokens_reasoning": 0, "tokens_response": 3, "elapsed_seconds": 0.2315523624420166, "judgement": "Mildly off"}
{"id": "taxes_000885", "topic": "taxes", "subtopic": "post_discount_tax", "prompt": "Cart: $14.40, $32.79, $9.47, $52.98, $5.25 with a 15% store discount. Local sales tax is 7.0% (tax after discount). About how much is the total?", "exact_value": 104.49, "model": "qwen/qwen2.5-3b-instruct", "provider": "transformers", "response": "Final answer: 10", "numeric_answer": 10.0, "relative_error": 0.904297061919801, "thinking_text": null, "has_tool_call": false, "tool_call": null, "usage": {"prompt_tokens": 206, "completion_tokens": 7, "total_tokens": 213, "token_count_source": "tokenizer"}, "decoding": {"temperature": 0.2, "top_p": null, "top_k": null, "max_tokens": 256, "seed": 42}, "prompt_tokens": 206, "completion_tokens": 7, "total_tokens": 213, "token_count_source": "tokenizer", "diffusion_steps": null, "flops_estimate": null, "flops_arch": null, "flops_model_params": null, "flops_active_params": null, "tokens_non_final": 3, "tokens_reasoning": 0, "tokens_response": 3, "elapsed_seconds": 0.24926018714904785, "judgement": "Way off"}
{"id": "taxes_000905", "topic": "taxes", "subtopic": "pre_discount_tax", "prompt": "Cart: $17.90, $48.48, $26.49, $5.89. Local sales tax is 8.5% (tax calculated before discount). About how much is the total?", "exact_value": 107.15, "model": "qwen/qwen2.5-3b-instruct", "provider": "transformers", "response": "Final answer: 16", "numeric_answer": 16.0, "relative_error": 0.8506766215585627, "thinking_text": null, "has_tool_call": false, "tool_call": null, "usage": {"prompt_tokens": 193, "completion_tokens": 7, "total_tokens": 200, "token_count_source": "tokenizer"}, "decoding": {"temperature": 0.2, "top_p": null, "top_k": null, "max_tokens": 256, "seed": 42}, "prompt_tokens": 193, "completion_tokens": 7, "total_tokens": 200, "token_count_source": "tokenizer", "diffusion_steps": null, "flops_estimate": null, "flops_arch": null, "flops_model_params": null, "flops_active_params": null, "tokens_non_final": 3, "tokens_reasoning": 0, "tokens_response": 3, "elapsed_seconds": 0.23597383499145508, "judgement": "Way off"}
{"id": "taxes_000925", "topic": "taxes", "subtopic": "post_discount_tax", "prompt": "Cart: $22.10, $57.77 with a 10% store discount. Local sales tax is 8.5% (tax after discount). About how much is the total?", "exact_value": 77.99, "model": "qwen/qwen2.5-3b-instruct", "provider": "transformers", "response": "Final answer: 23", "numeric_answer": 23.0, "relative_error": 0.7050903962046416, "thinking_text": null, "has_tool_call": false, "tool_call": null, "usage": {"prompt_tokens": 187, "completion_tokens": 7, "total_tokens": 194, "token_count_source": "tokenizer"}, "decoding": {"temperature": 0.2, "top_p": null, "top_k": null, "max_tokens": 256, "seed": 42}, "prompt_tokens": 187, "completion_tokens": 7, "total_tokens": 194, "token_count_source": "tokenizer", "diffusion_steps": null, "flops_estimate": null, "flops_arch": null, "flops_model_params": null, "flops_active_params": null, "tokens_non_final": 3, "tokens_reasoning": 0, "tokens_response": 3, "elapsed_seconds": 0.24271082878112793, "judgement": "Way off"}
{"id": "taxes_000945", "topic": "taxes", "subtopic": "post_discount_tax", "prompt": "Cart: $23.57, $36.87, $52.49, $25.07 with a 15% store discount. Local sales tax is 7.5% (tax after discount). About how much is the total?", "exact_value": 126.1, "model": "qwen/qwen2.5-3b-instruct", "provider": "transformers", "response": "Final answer: 23", "numeric_answer": 23.0, "relative_error": 0.8176050753370341, "thinking_text": null, "has_tool_call": false, "tool_call": null, "usage": {"prompt_tokens": 201, "completion_tokens": 7, "total_tokens": 208, "token_count_source": "tokenizer"}, "decoding": {"temperature": 0.2, "top_p": null, "top_k": null, "max_tokens": 256, "seed": 42}, "prompt_tokens": 201, "completion_tokens": 7, "total_tokens": 208, "token_count_source": "tokenizer", "diffusion_steps": null, "flops_estimate": null, "flops_arch": null, "flops_model_params": null, "flops_active_params": null, "tokens_non_final": 3, "tokens_reasoning": 0, "tokens_response": 3, "elapsed_seconds": 0.2414231300354004, "judgement": "Way off"}
{"id": "taxes_000965", "topic": "taxes", "subtopic": "post_discount_tax", "prompt": "Cart: $29.91, $42.03, $30.26 with a 15% store discount. Local sales tax is 6.0% (tax after discount). About how much is the total?", "exact_value": 92.08, "model": "qwen/qwen2.5-3b-instruct", "provider": "transformers", "response": "Final answer: -8", "numeric_answer": -8.0, "relative_error": 1.0868809730668985, "thinking_text": null, "has_tool_call": false, "tool_call": null, "usage": {"prompt_tokens": 194, "completion_tokens": 6, "total_tokens": 200, "token_count_source": "tokenizer"}, "decoding": {"temperature": 0.2, "top_p": null, "top_k": null, "max_tokens": 256, "seed": 42}, "prompt_tokens": 194, "completion_tokens": 6, "total_tokens": 200, "token_count_source": "tokenizer", "diffusion_steps": null, "flops_estimate": null, "flops_arch": null, "flops_model_params": null, "flops_active_params": null, "tokens_non_final": 3, "tokens_reasoning": 0, "tokens_response": 3, "elapsed_seconds": 0.1986689567565918, "judgement": "Way off"}
{"id": "taxes_000985", "topic": "taxes", "subtopic": "post_discount_tax", "prompt": "Cart: $14.82, $23.08, $24.88, $58.19, $52.19 with a 15% store discount. Local sales tax is 8.5% (tax after discount). About how much is the total?", "exact_value": 159.7, "model": "qwen/qwen2.5-3b-instruct", "provider": "transformers", "response": "Final answer: 10", "numeric_answer": 10.0, "relative_error": 0.9373825923606762, "thinking_text": null, "has_tool_call": false, "tool_call": null, "usage": {"prompt_tokens": 208, "completion_tokens": 7, "total_tokens": 215, "token_count_source": "tokenizer"}, "decoding": {"temperature": 0.2, "top_p": null, "top_k": null, "max_tokens": 256, "seed": 42}, "prompt_tokens": 208, "completion_tokens": 7, "total_tokens": 215, "token_count_source": "tokenizer", "diffusion_steps": null, "flops_estimate": null, "flops_arch": null, "flops_model_params": null, "flops_active_params": null, "tokens_non_final": 3, "tokens_reasoning": 0, "tokens_response": 3, "elapsed_seconds": 0.23732924461364746, "judgement": "Way off"}
{"id": "taxes_001005", "topic": "taxes", "subtopic": "post_discount_tax", "prompt": "Cart: $35.46, $30.01, $32.78, $59.76, $52.25 with a 20% store discount. Local sales tax is 6.0% (tax after discount). About how much is the total?", "exact_value": 178.3, "model": "qwen/qwen2.5-3b-instruct", "provider": "transformers", "response": "Final answer: 3.3", "numeric_answer": 3.3, "relative_error": 0.9814918676388109, "thinking_text": null, "has_tool_call": false, "tool_call": null, "usage": {"prompt_tokens": 208, "completion_tokens": 8, "total_tokens": 216, "token_count_source": "tokenizer"}, "decoding": {"temperature": 0.2, "top_p": null, "top_k": null, "max_tokens": 256, "seed": 42}, "prompt_tokens": 208, "completion_tokens": 8, "total_tokens": 216, "token_count_source": "tokenizer", "diffusion_steps": null, "flops_estimate": null, "flops_arch": null, "flops_model_params": null, "flops_active_params": null, "tokens_non_final": 3, "tokens_reasoning": 0, "tokens_response": 3, "elapsed_seconds": 0.27657437324523926, "judgement": "Way off"}
{"id": "taxes_001025", "topic": "taxes", "subtopic": "post_discount_tax", "prompt": "Cart: $48.98, $51.04, $48.93, $42.06 with a 10% store discount. Local sales tax is 7.0% (tax after discount). About how much is the total?", "exact_value": 183.94, "model": "qwen/qwen2.5-3b-instruct", "provider": "transformers", "response": "Final answer: 48", "numeric_answer": 48.0, "relative_error": 0.7390453408720234, "thinking_text": null, "has_tool_call": false, "tool_call": null, "usage": {"prompt_tokens": 201, "completion_tokens": 7, "total_tokens": 208, "token_count_source": "tokenizer"}, "decoding": {"temperature": 0.2, "top_p": null, "top_k": null, "max_tokens": 256, "seed": 42}, "prompt_tokens": 201, "completion_tokens": 7, "total_tokens": 208, "token_count_source": "tokenizer", "diffusion_steps": null, "flops_estimate": null, "flops_arch": null, "flops_model_params": null, "flops_active_params": null, "tokens_non_final": 3, "tokens_reasoning": 0, "tokens_response": 3, "elapsed_seconds": 0.2257239818572998, "judgement": "Way off"}
{"id": "taxes_001045", "topic": "taxes", "subtopic": "pre_discount_tax", "prompt": "Cart: $7.00, $19.59, $22.19, $24.07, $59.04 with a 15% store discount. Local sales tax is 8.5% (tax calculated before discount). About how much is the total?", "exact_value": 123.32, "model": "qwen/qwen2.5-3b-instruct", "provider": "transformers", "response": "Final answer: -3", "numeric_answer": -3.0, "relative_error": 1.024326954265326, "thinking_text": null, "has_tool_call": false, "tool_call": null, "usage": {"prompt_tokens": 208, "completion_tokens": 6, "total_tokens": 214, "token_count_source": "tokenizer"}, "decoding": {"temperature": 0.2, "top_p": null, "top_k": null, "max_tokens": 256, "seed": 42}, "prompt_tokens": 208, "completion_tokens": 6, "total_tokens": 214, "token_count_source": "tokenizer", "diffusion_steps": null, "flops_estimate": null, "flops_arch": null, "flops_model_params": null, "flops_active_params": null, "tokens_non_final": 3, "tokens_reasoning": 0, "tokens_response": 3, "elapsed_seconds": 0.2051241397857666, "judgement": "Way off"}
{"id": "taxes_001065", "topic": "taxes", "subtopic": "post_discount_tax", "prompt": "Cart: $30.65, $11.90, $49.60, $20.83 with a 15% store discount. Local sales tax is 6.0% (tax after discount). About how much is the total?", "exact_value": 101.79, "model": "qwen/qwen2.5-3b-instruct", "provider": "transformers", "response": "Final answer: 3065", "numeric_answer": 3065.0, "relative_error": 29.11101286963356, "thinking_text": null, "has_tool_call": false, "tool_call": null, "usage": {"prompt_tokens": 201, "completion_tokens": 9, "total_tokens": 210, "token_count_source": "tokenizer"}, "decoding": {"temperature": 0.2, "top_p": null, "top_k": null, "max_tokens": 256, "seed": 42}, "prompt_tokens": 201, "completion_tokens": 9, "total_tokens": 210, "token_count_source": "tokenizer", "diffusion_steps": null, "flops_estimate": null, "flops_arch": null, "flops_model_params": null, "flops_active_params": null, "tokens_non_final": 3, "tokens_reasoning": 0, "tokens_response": 3, "elapsed_seconds": 0.30274486541748047, "judgement": "Way off"}
{"id": "taxes_001085", "topic": "taxes", "subtopic": "pre_discount_tax", "prompt": "Cart: $51.75, $41.44, $42.58 with a 15% store discount. Local sales tax is 6.0% (tax calculated before discount). About how much is the total?", "exact_value": 123.55, "model": "qwen/qwen2.5-3b-instruct", "provider": "transformers", "response": "Final answer: 5", "numeric_answer": 5.0, "relative_error": 0.9595305544314043, "thinking_text": null, "has_tool_call": false, "tool_call": null, "usage": {"prompt_tokens": 195, "completion_tokens": 6, "total_tokens": 201, "token_count_source": "tokenizer"}, "decoding": {"temperature": 0.2, "top_p": null, "top_k": null, "max_tokens": 256, "seed": 42}, "prompt_tokens": 195, "completion_tokens": 6, "total_tokens": 201, "token_count_source": "tokenizer", "diffusion_steps": null, "flops_estimate": null, "flops_arch": null, "flops_model_params": null, "flops_active_params": null, "tokens_non_final": 3, "tokens_reasoning": 0, "tokens_response": 3, "elapsed_seconds": 0.19478821754455566, "judgement": "Way off"}
{"id": "taxes_001105", "topic": "taxes", "subtopic": "post_discount_tax", "prompt": "Cart: $35.89, $11.55 with a 15% store discount. Local sales tax is 6.0% (tax after discount). About how much is the total?", "exact_value": 42.74, "model": "qwen/qwen2.5-3b-instruct", "provider": "transformers", "response": "Final answer: 3.4", "numeric_answer": 3.4, "relative_error": 0.9204492278895648, "thinking_text": null, "has_tool_call": false, "tool_call": null, "usage": {"prompt_tokens": 187, "completion_tokens": 8, "total_tokens": 195, "token_count_source": "tokenizer"}, "decoding": {"temperature": 0.2, "top_p": null, "top_k": null, "max_tokens": 256, "seed": 42}, "prompt_tokens": 187, "completion_tokens": 8, "total_tokens": 195, "token_count_source": "tokenizer", "diffusion_steps": null, "flops_estimate": null, "flops_arch": null, "flops_model_params": null, "flops_active_params": null, "tokens_non_final": 3, "tokens_reasoning": 0, "tokens_response": 3, "elapsed_seconds": 0.2779514789581299, "judgement": "Way off"}
{"id": "taxes_001125", "topic": "taxes", "subtopic": "post_discount_tax", "prompt": "Cart: $33.29, $22.97, $51.18 with a 20% store discount. Local sales tax is 8.5% (tax after discount). About how much is the total?", "exact_value": 93.26, "model": "qwen/qwen2.5-3b-instruct", "provider": "transformers", "response": "Final answer: -2", "numeric_answer": -2.0, "relative_error": 1.0214454214025306, "thinking_text": null, "has_tool_call": false, "tool_call": null, "usage": {"prompt_tokens": 194, "completion_tokens": 6, "total_tokens": 200, "token_count_source": "tokenizer"}, "decoding": {"temperature": 0.2, "top_p": null, "top_k": null, "max_tokens": 256, "seed": 42}, "prompt_tokens": 194, "completion_tokens": 6, "total_tokens": 200, "token_count_source": "tokenizer", "diffusion_steps": null, "flops_estimate": null, "flops_arch": null, "flops_model_params": null, "flops_active_params": null, "tokens_non_final": 3, "tokens_reasoning": 0, "tokens_response": 3, "elapsed_seconds": 0.21812772750854492, "judgement": "Way off"}
{"id": "taxes_001145", "topic": "taxes", "subtopic": "pre_discount_tax", "prompt": "Cart: $20.48, $7.68, $10.58, $20.51, $20.54 with a 10% store discount. Local sales tax is 7.5% (tax calculated before discount). About how much is the total?", "exact_value": 77.8, "model": "qwen/qwen2.5-3b-instruct", "provider": "transformers", "response": "Final answer: -3", "numeric_answer": -3.0, "relative_error": 1.038560411311054, "thinking_text": null, "has_tool_call": false, "tool_call": null, "usage": {"prompt_tokens": 208, "completion_tokens": 6, "total_tokens": 214, "token_count_source": "tokenizer"}, "decoding": {"temperature": 0.2, "top_p": null, "top_k": null, "max_tokens": 256, "seed": 42}, "prompt_tokens": 208, "completion_tokens": 6, "total_tokens": 214, "token_count_source": "tokenizer", "diffusion_steps": null, "flops_estimate": null, "flops_arch": null, "flops_model_params": null, "flops_active_params": null, "tokens_non_final": 3, "tokens_reasoning": 0, "tokens_response": 3, "elapsed_seconds": 0.19959187507629395, "judgement": "Way off"}
{"id": "taxes_001165", "topic": "taxes", "subtopic": "post_discount_tax", "prompt": "Cart: $14.32, $41.58 with a 20% store discount. Local sales tax is 8.0% (tax after discount). About how much is the total?", "exact_value": 48.3, "model": "qwen/qwen2.5-3b-instruct", "provider": "transformers", "response": "Final answer: 14", "numeric_answer": 14.0, "relative_error": 0.7101449275362318, "thinking_text": null, "has_tool_call": false, "tool_call": null, "usage": {"prompt_tokens": 187, "completion_tokens": 7, "total_tokens": 194, "token_count_source": "tokenizer"}, "decoding": {"temperature": 0.2, "top_p": null, "top_k": null, "max_tokens": 256, "seed": 42}, "prompt_tokens": 187, "completion_tokens": 7, "total_tokens": 194, "token_count_source": "tokenizer", "diffusion_steps": null, "flops_estimate": null, "flops_arch": null, "flops_model_params": null, "flops_active_params": null, "tokens_non_final": 3, "tokens_reasoning": 0, "tokens_response": 3, "elapsed_seconds": 0.25370121002197266, "judgement": "Way off"}
{"id": "taxes_001185", "topic": "taxes", "subtopic": "pre_discount_tax", "prompt": "Cart: $17.11, $15.84 with a 15% store discount. Local sales tax is 6.0% (tax calculated before discount). About how much is the total?", "exact_value": 29.98, "model": "qwen/qwen2.5-3b-instruct", "provider": "transformers", "response": "Final answer: 10", "numeric_answer": 10.0, "relative_error": 0.666444296197465, "thinking_text": null, "has_tool_call": false, "tool_call": null, "usage": {"prompt_tokens": 188, "completion_tokens": 7, "total_tokens": 195, "token_count_source": "tokenizer"}, "decoding": {"temperature": 0.2, "top_p": null, "top_k": null, "max_tokens": 256, "seed": 42}, "prompt_tokens": 188, "completion_tokens": 7, "total_tokens": 195, "token_count_source": "tokenizer", "diffusion_steps": null, "flops_estimate": null, "flops_arch": null, "flops_model_params": null, "flops_active_params": null, "tokens_non_final": 3, "tokens_reasoning": 0, "tokens_response": 3, "elapsed_seconds": 0.23914194107055664, "judgement": "Way off"}
{"id": "taxes_001205", "topic": "taxes", "subtopic": "pre_discount_tax", "prompt": "Cart: $16.90, $53.37, $54.66, $11.44, $18.23 with a 20% store discount. Local sales tax is 8.0% (tax calculated before discount). About how much is the total?", "exact_value": 136.05, "model": "qwen/qwen2.5-3b-instruct", "provider": "transformers", "response": "Final answer: 16", "numeric_answer": 16.0, "relative_error": 0.882396177875781, "thinking_text": null, "has_tool_call": false, "tool_call": null, "usage": {"prompt_tokens": 209, "completion_tokens": 7, "total_tokens": 216, "token_count_source": "tokenizer"}, "decoding": {"temperature": 0.2, "top_p": null, "top_k": null, "max_tokens": 256, "seed": 42}, "prompt_tokens": 209, "completion_tokens": 7, "total_tokens": 216, "token_count_source": "tokenizer", "diffusion_steps": null, "flops_estimate": null, "flops_arch": null, "flops_model_params": null, "flops_active_params": null, "tokens_non_final": 3, "tokens_reasoning": 0, "tokens_response": 3, "elapsed_seconds": 0.2373816967010498, "judgement": "Way off"}
{"id": "taxes_001225", "topic": "taxes", "subtopic": "pre_discount_tax", "prompt": "Cart: $48.12, $37.76, $8.24 with a 10% store discount. Local sales tax is 8.5% (tax calculated before discount). About how much is the total?", "exact_value": 92.71, "model": "qwen/qwen2.5-3b-instruct", "provider": "transformers", "response": "Final answer: -8.5", "numeric_answer": -8.5, "relative_error": 1.0916837450113257, "thinking_text": null, "has_tool_call": false, "tool_call": null, "usage": {"prompt_tokens": 194, "completion_tokens": 8, "total_tokens": 202, "token_count_source": "tokenizer"}, "decoding": {"temperature": 0.2, "top_p": null, "top_k": null, "max_tokens": 256, "seed": 42}, "prompt_tokens": 194, "completion_tokens": 8, "total_tokens": 202, "token_count_source": "tokenizer", "diffusion_steps": null, "flops_estimate": null, "flops_arch": null, "flops_model_params": null, "flops_active_params": null, "tokens_non_final": 3, "tokens_reasoning": 0, "tokens_response": 3, "elapsed_seconds": 0.2837345600128174, "judgement": "Way off"}
{"id": "taxes_001245", "topic": "taxes", "subtopic": "post_discount_tax", "prompt": "Cart: $16.15, $46.13, $29.68, $11.10 with a 20% store discount. Local sales tax is 8.0% (tax after discount). About how much is the total?", "exact_value": 89.04, "model": "qwen/qwen2.5-3b-instruct", "provider": "transformers", "response": "Final answer: 10", "numeric_answer": 10.0, "relative_error": 0.8876909254267745, "thinking_text": null, "has_tool_call": false, "tool_call": null, "usage": {"prompt_tokens": 201, "completion_tokens": 7, "total_tokens": 208, "token_count_source": "tokenizer"}, "decoding": {"temperature": 0.2, "top_p": null, "top_k": null, "max_tokens": 256, "seed": 42}, "prompt_tokens": 201, "completion_tokens": 7, "total_tokens": 208, "token_count_source": "tokenizer", "diffusion_steps": null, "flops_estimate": null, "flops_arch": null, "flops_model_params": null, "flops_active_params": null, "tokens_non_final": 3, "tokens_reasoning": 0, "tokens_response": 3, "elapsed_seconds": 0.23049092292785645, "judgement": "Way off"}
{"id": "taxes_001265", "topic": "taxes", "subtopic": "pre_discount_tax", "prompt": "Cart: $5.07, $49.02, $21.35, $52.81. Local sales tax is 8.5% (tax calculated before discount). About how much is the total?", "exact_value": 139.15, "model": "qwen/qwen2.5-3b-instruct", "provider": "transformers", "response": "Final answer: 5", "numeric_answer": 5.0, "relative_error": 0.9640675530003593, "thinking_text": null, "has_tool_call": false, "tool_call": null, "usage": {"prompt_tokens": 193, "completion_tokens": 6, "total_tokens": 199, "token_count_source": "tokenizer"}, "decoding": {"temperature": 0.2, "top_p": null, "top_k": null, "max_tokens": 256, "seed": 42}, "prompt_tokens": 193, "completion_tokens": 6, "total_tokens": 199, "token_count_source": "tokenizer", "diffusion_steps": null, "flops_estimate": null, "flops_arch": null, "flops_model_params": null, "flops_active_params": null, "tokens_non_final": 3, "tokens_reasoning": 0, "tokens_response": 3, "elapsed_seconds": 0.2133491039276123, "judgement": "Way off"}
{"id": "taxes_001285", "topic": "taxes", "subtopic": "pre_discount_tax", "prompt": "Cart: $23.28, $56.47 with a 10% store discount. Local sales tax is 7.0% (tax calculated before discount). About how much is the total?", "exact_value": 77.36, "model": "qwen/qwen2.5-3b-instruct", "provider": "transformers", "response": "Final answer: 23.28", "numeric_answer": 23.28, "relative_error": 0.6990692864529472, "thinking_text": null, "has_tool_call": false, "tool_call": null, "usage": {"prompt_tokens": 188, "completion_tokens": 10, "total_tokens": 198, "token_count_source": "tokenizer"}, "decoding": {"temperature": 0.2, "top_p": null, "top_k": null, "max_tokens": 256, "seed": 42}, "prompt_tokens": 188, "completion_tokens": 10, "total_tokens": 198, "token_count_source": "tokenizer", "diffusion_steps": null, "flops_estimate": null, "flops_arch": null, "flops_model_params": null, "flops_active_params": null, "tokens_non_final": 3, "tokens_reasoning": 0, "tokens_response": 3, "elapsed_seconds": 0.3375132083892822, "judgement": "Way off"}
{"id": "taxes_001305", "topic": "taxes", "subtopic": "post_discount_tax", "prompt": "Cart: $32.63, $47.64, $21.83, $42.07. Local sales tax is 7.5% (tax after discount). About how much is the total?", "exact_value": 154.98, "model": "qwen/qwen2.5-3b-instruct", "provider": "transformers", "response": "Final answer: 32", "numeric_answer": 32.0, "relative_error": 0.7935217447412569, "thinking_text": null, "has_tool_call": false, "tool_call": null, "usage": {"prompt_tokens": 193, "completion_tokens": 7, "total_tokens": 200, "token_count_source": "tokenizer"}, "decoding": {"temperature": 0.2, "top_p": null, "top_k": null, "max_tokens": 256, "seed": 42}, "prompt_tokens": 193, "completion_tokens": 7, "total_tokens": 200, "token_count_source": "tokenizer", "diffusion_steps": null, "flops_estimate": null, "flops_arch": null, "flops_model_params": null, "flops_active_params": null, "tokens_non_final": 3, "tokens_reasoning": 0, "tokens_response": 3, "elapsed_seconds": 0.25453639030456543, "judgement": "Way off"}
{"id": "taxes_001325", "topic": "taxes", "subtopic": "pre_discount_tax", "prompt": "Cart: $22.61, $14.17, $36.73, $21.75, $44.86 with a 15% store discount. Local sales tax is 8.5% (tax calculated before discount). About how much is the total?", "exact_value": 131.01, "model": "qwen/qwen2.5-3b-instruct", "provider": "transformers", "response": "Final answer: 22", "numeric_answer": 22.0, "relative_error": 0.8320738874895046, "thinking_text": null, "has_tool_call": false, "tool_call": null, "usage": {"prompt_tokens": 209, "completion_tokens": 7, "total_tokens": 216, "token_count_source": "tokenizer"}, "decoding": {"temperature": 0.2, "top_p": null, "top_k": null, "max_tokens": 256, "seed": 42}, "prompt_tokens": 209, "completion_tokens": 7, "total_tokens": 216, "token_count_source": "tokenizer", "diffusion_steps": null, "flops_estimate": null, "flops_arch": null, "flops_model_params": null, "flops_active_params": null, "tokens_non_final": 3, "tokens_reasoning": 0, "tokens_response": 3, "elapsed_seconds": 0.24779295921325684, "judgement": "Way off"}
{"id": "units_000127", "topic": "units", "subtopic": "kg_g", "prompt": "An item costs $13.16 per kg. You take 500 g. About how much is that?", "exact_value": 6.58, "model": "qwen/qwen2.5-3b-instruct", "provider": "transformers", "response": "Final answer: 5", "numeric_answer": 5.0, "relative_error": 0.24012158054711247, "thinking_text": null, "has_tool_call": false, "tool_call": null, "usage": {"prompt_tokens": 168, "completion_tokens": 6, "total_tokens": 174, "token_count_source": "tokenizer"}, "decoding": {"temperature": 0.2, "top_p": null, "top_k": null, "max_tokens": 256, "seed": 42}, "prompt_tokens": 168, "completion_tokens": 6, "total_tokens": 174, "token_count_source": "tokenizer", "diffusion_steps": null, "flops_estimate": null, "flops_arch": null, "flops_model_params": null, "flops_active_params": null, "tokens_non_final": 3, "tokens_reasoning": 0, "tokens_response": 3, "elapsed_seconds": 0.1960921287536621, "judgement": "Mildly off"}
{"id": "units_000147", "topic": "units", "subtopic": "kg_g", "prompt": "An item costs $9.68 per kg. You take 500 g. About how much is that?", "exact_value": 4.84, "model": "qwen/qwen2.5-3b-instruct", "provider": "transformers", "response": "Final answer: 5", "numeric_answer": 5.0, "relative_error": 0.03305785123966945, "thinking_text": null, "has_tool_call": false, "tool_call": null, "usage": {"prompt_tokens": 167, "completion_tokens": 6, "total_tokens": 173, "token_count_source": "tokenizer"}, "decoding": {"temperature": 0.2, "top_p": null, "top_k": null, "max_tokens": 256, "seed": 42}, "prompt_tokens": 167, "completion_tokens": 6, "total_tokens": 173, "token_count_source": "tokenizer", "diffusion_steps": null, "flops_estimate": null, "flops_arch": null, "flops_model_params": null, "flops_active_params": null, "tokens_non_final": 3, "tokens_reasoning": 0, "tokens_response": 3, "elapsed_seconds": 0.2157907485961914, "judgement": "Good approximation"}
{"id": "units_000167", "topic": "units", "subtopic": "lb_oz", "prompt": "You buy 5.37 lb at $7.71 per lb. About how much is that total?", "exact_value": 41.4, "model": "qwen/qwen2.5-3b-instruct", "provider": "transformers", "response": "Final answer: 2.", "numeric_answer": 2.0, "relative_error": 0.9516908212560387, "thinking_text": null, "has_tool_call": false, "tool_call": null, "usage": {"prompt_tokens": 166, "completion_tokens": 7, "total_tokens": 173, "token_count_source": "tokenizer"}, "decoding": {"temperature": 0.2, "top_p": null, "top_k": null, "max_tokens": 256, "seed": 42}, "prompt_tokens": 166, "completion_tokens": 7, "total_tokens": 173, "token_count_source": "tokenizer", "diffusion_steps": null, "flops_estimate": null, "flops_arch": null, "flops_model_params": null, "flops_active_params": null, "tokens_non_final": 3, "tokens_reasoning": 0, "tokens_response": 3, "elapsed_seconds": 0.24353909492492676, "judgement": "Way off"}
{"id": "units_000187", "topic": "units", "subtopic": "kg_g", "prompt": "An item costs $7.01 per kg. You take 300 g. About how much is that?", "exact_value": 2.1, "model": "qwen/qwen2.5-3b-instruct", "provider": "transformers", "response": "Final answer: 2", "numeric_answer": 2.0, "relative_error": 0.04761904761904766, "thinking_text": null, "has_tool_call": false, "tool_call": null, "usage": {"prompt_tokens": 167, "completion_tokens": 6, "total_tokens": 173, "token_count_source": "tokenizer"}, "decoding": {"temperature": 0.2, "top_p": null, "top_k": null, "max_tokens": 256, "seed": 42}, "prompt_tokens": 167, "completion_tokens": 6, "total_tokens": 173, "token_count_source": "tokenizer", "diffusion_steps": null, "flops_estimate": null, "flops_arch": null, "flops_model_params": null, "flops_active_params": null, "tokens_non_final": 3, "tokens_reasoning": 0, "tokens_response": 3, "elapsed_seconds": 0.19715309143066406, "judgement": "Good approximation"}
{"id": "units_000207", "topic": "units", "subtopic": "kg_g", "prompt": "An item costs $19.14 per kg. You take 350 g. About how much is that?", "exact_value": 6.7, "model": "qwen/qwen2.5-3b-instruct", "provider": "transformers", "response": "Final answer: 2", "numeric_answer": 2.0, "relative_error": 0.7014925373134329, "thinking_text": null, "has_tool_call": false, "tool_call": null, "usage": {"prompt_tokens": 168, "completion_tokens": 6, "total_tokens": 174, "token_count_source": "tokenizer"}, "decoding": {"temperature": 0.2, "top_p": null, "top_k": null, "max_tokens": 256, "seed": 42}, "prompt_tokens": 168, "completion_tokens": 6, "total_tokens": 174, "token_count_source": "tokenizer", "diffusion_steps": null, "flops_estimate": null, "flops_arch": null, "flops_model_params": null, "flops_active_params": null, "tokens_non_final": 3, "tokens_reasoning": 0, "tokens_response": 3, "elapsed_seconds": 0.22316694259643555, "judgement": "Way off"}
{"id": "units_000227", "topic": "units", "subtopic": "lb_oz", "prompt": "You buy 4.2 lb at $8.05 per lb. About how much is that total?", "exact_value": 33.81, "model": "qwen/qwen2.5-3b-instruct", "provider": "transformers", "response": "Final answer: 4.4", "numeric_answer": 4.4, "relative_error": 0.8698609878734103, "thinking_text": null, "has_tool_call": false, "tool_call": null, "usage": {"prompt_tokens": 165, "completion_tokens": 8, "total_tokens": 173, "token_count_source": "tokenizer"}, "decoding": {"temperature": 0.2, "top_p": null, "top_k": null, "max_tokens": 256, "seed": 42}, "prompt_tokens": 165, "completion_tokens": 8, "total_tokens": 173, "token_count_source": "tokenizer", "diffusion_steps": null, "flops_estimate": null, "flops_arch": null, "flops_model_params": null, "flops_active_params": null, "tokens_non_final": 3, "tokens_reasoning": 0, "tokens_response": 3, "elapsed_seconds": 0.27521634101867676, "judgement": "Way off"}
{"id": "units_000247", "topic": "units", "subtopic": "lb_oz", "prompt": "You buy 1.27 lb at $10.60 per lb. About how much is that total?", "exact_value": 13.46, "model": "qwen/qwen2.5-3b-instruct", "provider": "transformers", "response": "Final answer: 30", "numeric_answer": 30.0, "relative_error": 1.2288261515601782, "thinking_text": null, "has_tool_call": false, "tool_call": null, "usage": {"prompt_tokens": 167, "completion_tokens": 7, "total_tokens": 174, "token_count_source": "tokenizer"}, "decoding": {"temperature": 0.2, "top_p": null, "top_k": null, "max_tokens": 256, "seed": 42}, "prompt_tokens": 167, "completion_tokens": 7, "total_tokens": 174, "token_count_source": "tokenizer", "diffusion_steps": null, "flops_estimate": null, "flops_arch": null, "flops_model_params": null, "flops_active_params": null, "tokens_non_final": 3, "tokens_reasoning": 0, "tokens_response": 3, "elapsed_seconds": 0.2358384132385254, "judgement": "Way off"}
{"id": "units_000267", "topic": "units", "subtopic": "kg_g", "prompt": "An item costs $16.62 per kg. You take 250 g. About how much is that?", "exact_value": 4.16, "model": "qwen/qwen2.5-3b-instruct", "provider": "transformers", "response": "Final answer: 3", "numeric_answer": 3.0, "relative_error": 0.27884615384615385, "thinking_text": null, "has_tool_call": false, "tool_call": null, "usage": {"prompt_tokens": 168, "completion_tokens": 6, "total_tokens": 174, "token_count_source": "tokenizer"}, "decoding": {"temperature": 0.2, "top_p": null, "top_k": null, "max_tokens": 256, "seed": 42}, "prompt_tokens": 168, "completion_tokens": 6, "total_tokens": 174, "token_count_source": "tokenizer", "diffusion_steps": null, "flops_estimate": null, "flops_arch": null, "flops_model_params": null, "flops_active_params": null, "tokens_non_final": 3, "tokens_reasoning": 0, "tokens_response": 3, "elapsed_seconds": 0.2090156078338623, "judgement": "Mildly off"}
{"id": "units_000287", "topic": "units", "subtopic": "kg_g", "prompt": "An item costs $4.52 per kg. You take 750 g. About how much is that?", "exact_value": 3.39, "model": "qwen/qwen2.5-3b-instruct", "provider": "transformers", "response": "Final answer: 3", "numeric_answer": 3.0, "relative_error": 0.11504424778761065, "thinking_text": null, "has_tool_call": false, "tool_call": null, "usage": {"prompt_tokens": 167, "completion_tokens": 6, "total_tokens": 173, "token_count_source": "tokenizer"}, "decoding": {"temperature": 0.2, "top_p": null, "top_k": null, "max_tokens": 256, "seed": 42}, "prompt_tokens": 167, "completion_tokens": 6, "total_tokens": 173, "token_count_source": "tokenizer", "diffusion_steps": null, "flops_estimate": null, "flops_arch": null, "flops_model_params": null, "flops_active_params": null, "tokens_non_final": 3, "tokens_reasoning": 0, "tokens_response": 3, "elapsed_seconds": 0.2120060920715332, "judgement": "Good approximation"}
{"id": "units_000307", "topic": "units", "subtopic": "lb_oz", "prompt": "You buy 4.54 lb at $6.92 per lb. About how much is that total?", "exact_value": 31.42, "model": "qwen/qwen2.5-3b-instruct", "provider": "transformers", "response": "Final answer: 3", "numeric_answer": 3.0, "relative_error": 0.9045194143857416, "thinking_text": null, "has_tool_call": false, "tool_call": null, "usage": {"prompt_tokens": 166, "completion_tokens": 6, "total_tokens": 172, "token_count_source": "tokenizer"}, "decoding": {"temperature": 0.2, "top_p": null, "top_k": null, "max_tokens": 256, "seed": 42}, "prompt_tokens": 166, "completion_tokens": 6, "total_tokens": 172, "token_count_source": "tokenizer", "diffusion_steps": null, "flops_estimate": null, "flops_arch": null, "flops_model_params": null, "flops_active_params": null, "tokens_non_final": 3, "tokens_reasoning": 0, "tokens_response": 3, "elapsed_seconds": 0.20819854736328125, "judgement": "Way off"}
{"id": "units_000327", "topic": "units", "subtopic": "lb_oz", "prompt": "You buy 3.49 lb at $9.52 per lb. About how much is that total?", "exact_value": 33.22, "model": "qwen/qwen2.5-3b-instruct", "provider": "transformers", "response": "Final answer: 10", "numeric_answer": 10.0, "relative_error": 0.6989765201685731, "thinking_text": null, "has_tool_call": false, "tool_call": null, "usage": {"prompt_tokens": 166, "completion_tokens": 7, "total_tokens": 173, "token_count_source": "tokenizer"}, "decoding": {"temperature": 0.2, "top_p": null, "top_k": null, "max_tokens": 256, "seed": 42}, "prompt_tokens": 166, "completion_tokens": 7, "total_tokens": 173, "token_count_source": "tokenizer", "diffusion_steps": null, "flops_estimate": null, "flops_arch": null, "flops_model_params": null, "flops_active_params": null, "tokens_non_final": 3, "tokens_reasoning": 0, "tokens_response": 3, "elapsed_seconds": 0.24736380577087402, "judgement": "Way off"}
{"id": "units_000347", "topic": "units", "subtopic": "lb_oz", "prompt": "You buy 3.01 lb at $10.95 per lb. About how much is that total?", "exact_value": 32.96, "model": "qwen/qwen2.5-3b-instruct", "provider": "transformers", "response": "Final answer: 20", "numeric_answer": 20.0, "relative_error": 0.3932038834951456, "thinking_text": null, "has_tool_call": false, "tool_call": null, "usage": {"prompt_tokens": 167, "completion_tokens": 7, "total_tokens": 174, "token_count_source": "tokenizer"}, "decoding": {"temperature": 0.2, "top_p": null, "top_k": null, "max_tokens": 256, "seed": 42}, "prompt_tokens": 167, "completion_tokens": 7, "total_tokens": 174, "token_count_source": "tokenizer", "diffusion_steps": null, "flops_estimate": null, "flops_arch": null, "flops_model_params": null, "flops_active_params": null, "tokens_non_final": 3, "tokens_reasoning": 0, "tokens_response": 3, "elapsed_seconds": 0.2311999797821045, "judgement": "Mildly off"}
{"id": "units_000367", "topic": "units", "subtopic": "lb_oz", "prompt": "You buy 3.8 lb at $7.49 per lb. About how much is that total?", "exact_value": 28.46, "model": "qwen/qwen2.5-3b-instruct", "provider": "transformers", "response": "Final answer: 3.6", "numeric_answer": 3.6, "relative_error": 0.8735066760365424, "thinking_text": null, "has_tool_call": false, "tool_call": null, "usage": {"prompt_tokens": 165, "completion_tokens": 8, "total_tokens": 173, "token_count_source": "tokenizer"}, "decoding": {"temperature": 0.2, "top_p": null, "top_k": null, "max_tokens": 256, "seed": 42}, "prompt_tokens": 165, "completion_tokens": 8, "total_tokens": 173, "token_count_source": "tokenizer", "diffusion_steps": null, "flops_estimate": null, "flops_arch": null, "flops_model_params": null, "flops_active_params": null, "tokens_non_final": 3, "tokens_reasoning": 0, "tokens_response": 3, "elapsed_seconds": 0.2723672389984131, "judgement": "Way off"}
{"id": "units_000387", "topic": "units", "subtopic": "lb_oz", "prompt": "You buy 4.21 lb at $6.38 per lb. About how much is that total?", "exact_value": 26.86, "model": "qwen/qwen2.5-3b-instruct", "provider": "transformers", "response": "Final answer: 4.2", "numeric_answer": 4.2, "relative_error": 0.8436336559940432, "thinking_text": null, "has_tool_call": false, "tool_call": null, "usage": {"prompt_tokens": 166, "completion_tokens": 8, "total_tokens": 174, "token_count_source": "tokenizer"}, "decoding": {"temperature": 0.2, "top_p": null, "top_k": null, "max_tokens": 256, "seed": 42}, "prompt_tokens": 166, "completion_tokens": 8, "total_tokens": 174, "token_count_source": "tokenizer", "diffusion_steps": null, "flops_estimate": null, "flops_arch": null, "flops_model_params": null, "flops_active_params": null, "tokens_non_final": 3, "tokens_reasoning": 0, "tokens_response": 3, "elapsed_seconds": 0.2820265293121338, "judgement": "Way off"}
{"id": "units_000407", "topic": "units", "subtopic": "lb_oz", "prompt": "You buy 0.85 lb at $12.01 per lb. About how much is that total?", "exact_value": 10.21, "model": "qwen/qwen2.5-3b-instruct", "provider": "transformers", "response": "Final answer: 3", "numeric_answer": 3.0, "relative_error": 0.7061704211557297, "thinking_text": null, "has_tool_call": false, "tool_call": null, "usage": {"prompt_tokens": 167, "completion_tokens": 6, "total_tokens": 173, "token_count_source": "tokenizer"}, "decoding": {"temperature": 0.2, "top_p": null, "top_k": null, "max_tokens": 256, "seed": 42}, "prompt_tokens": 167, "completion_tokens": 6, "total_tokens": 173, "token_count_source": "tokenizer", "diffusion_steps": null, "flops_estimate": null, "flops_arch": null, "flops_model_params": null, "flops_active_params": null, "tokens_non_final": 3, "tokens_reasoning": 0, "tokens_response": 3, "elapsed_seconds": 0.20353484153747559, "judgement": "Way off"}
{"id": "units_000427", "topic": "units", "subtopic": "kg_g", "prompt": "An item costs $11.43 per kg. You take 400 g. About how much is that?", "exact_value": 4.57, "model": "qwen/qwen2.5-3b-instruct", "provider": "transformers", "response": "Final answer: 2", "numeric_answer": 2.0, "relative_error": 0.5623632385120351, "thinking_text": null, "has_tool_call": false, "tool_call": null, "usage": {"prompt_tokens": 168, "completion_tokens": 6, "total_tokens": 174, "token_count_source": "tokenizer"}, "decoding": {"temperature": 0.2, "top_p": null, "top_k": null, "max_tokens": 256, "seed": 42}, "prompt_tokens": 168, "completion_tokens": 6, "total_tokens": 174, "token_count_source": "tokenizer", "diffusion_steps": null, "flops_estimate": null, "flops_arch": null, "flops_model_params": null, "flops_active_params": null, "tokens_non_final": 3, "tokens_reasoning": 0, "tokens_response": 3, "elapsed_seconds": 0.2087855339050293, "judgement": "Mildly off"}
{"id": "units_000447", "topic": "units", "subtopic": "lb_oz", "prompt": "You buy 3.87 lb at $13.72 per lb. About how much is that total?", "exact_value": 53.1, "model": "qwen/qwen2.5-3b-instruct", "provider": "transformers", "response": "Final answer: 10", "numeric_answer": 10.0, "relative_error": 0.8116760828625236, "thinking_text": null, "has_tool_call": false, "tool_call": null, "usage": {"prompt_tokens": 167, "completion_tokens": 7, "total_tokens": 174, "token_count_source": "tokenizer"}, "decoding": {"temperature": 0.2, "top_p": null, "top_k": null, "max_tokens": 256, "seed": 42}, "prompt_tokens": 167, "completion_tokens": 7, "total_tokens": 174, "token_count_source": "tokenizer", "diffusion_steps": null, "flops_estimate": null, "flops_arch": null, "flops_model_params": null, "flops_active_params": null, "tokens_non_final": 3, "tokens_reasoning": 0, "tokens_response": 3, "elapsed_seconds": 0.2454519271850586, "judgement": "Way off"}
{"id": "units_000467", "topic": "units", "subtopic": "lb_oz", "prompt": "You buy 0.68 lb at $7.36 per lb. About how much is that total?", "exact_value": 5.0, "model": "qwen/qwen2.5-3b-instruct", "provider": "transformers", "response": "Final answer: 25", "numeric_answer": 25.0, "relative_error": 4.0, "thinking_text": null, "has_tool_call": false, "tool_call": null, "usage": {"prompt_tokens": 166, "completion_tokens": 7, "total_tokens": 173, "token_count_source": "tokenizer"}, "decoding": {"temperature": 0.2, "top_p": null, "top_k": null, "max_tokens": 256, "seed": 42}, "prompt_tokens": 166, "completion_tokens": 7, "total_tokens": 173, "token_count_source": "tokenizer", "diffusion_steps": null, "flops_estimate": null, "flops_arch": null, "flops_model_params": null, "flops_active_params": null, "tokens_non_final": 3, "tokens_reasoning": 0, "tokens_response": 3, "elapsed_seconds": 0.24642229080200195, "judgement": "Way off"}
{"id": "units_000487", "topic": "units", "subtopic": "lb_oz", "prompt": "You buy 4.95 lb at $8.57 per lb. About how much is that total?", "exact_value": 42.42, "model": "qwen/qwen2.5-3b-instruct", "provider": "transformers", "response": "Final answer: 20", "numeric_answer": 20.0, "relative_error": 0.5285242809995285, "thinking_text": null, "has_tool_call": false, "tool_call": null, "usage": {"prompt_tokens": 166, "completion_tokens": 7, "total_tokens": 173, "token_count_source": "tokenizer"}, "decoding": {"temperature": 0.2, "top_p": null, "top_k": null, "max_tokens": 256, "seed": 42}, "prompt_tokens": 166, "completion_tokens": 7, "total_tokens": 173, "token_count_source": "tokenizer", "diffusion_steps": null, "flops_estimate": null, "flops_arch": null, "flops_model_params": null, "flops_active_params": null, "tokens_non_final": 3, "tokens_reasoning": 0, "tokens_response": 3, "elapsed_seconds": 0.24344491958618164, "judgement": "Mildly off"}
{"id": "units_000507", "topic": "units", "subtopic": "lb_oz", "prompt": "You buy 0.55 lb at $7.62 per lb. About how much is that total?", "exact_value": 4.19, "model": "qwen/qwen2.5-3b-instruct", "provider": "transformers", "response": "Final answer: 10", "numeric_answer": 10.0, "relative_error": 1.386634844868735, "thinking_text": null, "has_tool_call": false, "tool_call": null, "usage": {"prompt_tokens": 166, "completion_tokens": 7, "total_tokens": 173, "token_count_source": "tokenizer"}, "decoding": {"temperature": 0.2, "top_p": null, "top_k": null, "max_tokens": 256, "seed": 42}, "prompt_tokens": 166, "completion_tokens": 7, "total_tokens": 173, "token_count_source": "tokenizer", "diffusion_steps": null, "flops_estimate": null, "flops_arch": null, "flops_model_params": null, "flops_active_params": null, "tokens_non_final": 3, "tokens_reasoning": 0, "tokens_response": 3, "elapsed_seconds": 0.2350447177886963, "judgement": "Way off"}
{"id": "units_000527", "topic": "units", "subtopic": "kg_g", "prompt": "An item costs $6.70 per kg. You take 750 g. About how much is that?", "exact_value": 5.03, "model": "qwen/qwen2.5-3b-instruct", "provider": "transformers", "response": "3", "numeric_answer": 3.0, "relative_error": 0.4035785288270378, "thinking_text": null, "has_tool_call": false, "tool_call": null, "usage": {"prompt_tokens": 167, "completion_tokens": 2, "total_tokens": 169, "token_count_source": "tokenizer"}, "decoding": {"temperature": 0.2, "top_p": null, "top_k": null, "max_tokens": 256, "seed": 42}, "prompt_tokens": 167, "completion_tokens": 2, "total_tokens": 169, "token_count_source": "tokenizer", "diffusion_steps": null, "flops_estimate": null, "flops_arch": null, "flops_model_params": null, "flops_active_params": null, "tokens_non_final": 1, "tokens_reasoning": 0, "tokens_response": 1, "elapsed_seconds": 0.06739449501037598, "judgement": "Mildly off"}
{"id": "units_000547", "topic": "units", "subtopic": "kg_g", "prompt": "An item costs $7.37 per kg. You take 350 g. About how much is that?", "exact_value": 2.58, "model": "qwen/qwen2.5-3b-instruct", "provider": "transformers", "response": "Final answer: 5", "numeric_answer": 5.0, "relative_error": 0.937984496124031, "thinking_text": null, "has_tool_call": false, "tool_call": null, "usage": {"prompt_tokens": 167, "completion_tokens": 6, "total_tokens": 173, "token_count_source": "tokenizer"}, "decoding": {"temperature": 0.2, "top_p": null, "top_k": null, "max_tokens": 256, "seed": 42}, "prompt_tokens": 167, "completion_tokens": 6, "total_tokens": 173, "token_count_source": "tokenizer", "diffusion_steps": null, "flops_estimate": null, "flops_arch": null, "flops_model_params": null, "flops_active_params": null, "tokens_non_final": 3, "tokens_reasoning": 0, "tokens_response": 3, "elapsed_seconds": 0.2088484764099121, "judgement": "Way off"}
{"id": "units_000567", "topic": "units", "subtopic": "kg_g", "prompt": "An item costs $10.70 per kg. You take 900 g. About how much is that?", "exact_value": 9.63, "model": "qwen/qwen2.5-3b-instruct", "provider": "transformers", "response": "Final answer: 2", "numeric_answer": 2.0, "relative_error": 0.7923156801661475, "thinking_text": null, "has_tool_call": false, "tool_call": null, "usage": {"prompt_tokens": 168, "completion_tokens": 6, "total_tokens": 174, "token_count_source": "tokenizer"}, "decoding": {"temperature": 0.2, "top_p": null, "top_k": null, "max_tokens": 256, "seed": 42}, "prompt_tokens": 168, "completion_tokens": 6, "total_tokens": 174, "token_count_source": "tokenizer", "diffusion_steps": null, "flops_estimate": null, "flops_arch": null, "flops_model_params": null, "flops_active_params": null, "tokens_non_final": 3, "tokens_reasoning": 0, "tokens_response": 3, "elapsed_seconds": 0.2107076644897461, "judgement": "Way off"}
{"id": "units_000587", "topic": "units", "subtopic": "kg_g", "prompt": "An item costs $4.94 per kg. You take 350 g. About how much is that?", "exact_value": 1.73, "model": "qwen/qwen2.5-3b-instruct", "provider": "transformers", "response": "Final answer: 5", "numeric_answer": 5.0, "relative_error": 1.8901734104046244, "thinking_text": null, "has_tool_call": false, "tool_call": null, "usage": {"prompt_tokens": 167, "completion_tokens": 6, "total_tokens": 173, "token_count_source": "tokenizer"}, "decoding": {"temperature": 0.2, "top_p": null, "top_k": null, "max_tokens": 256, "seed": 42}, "prompt_tokens": 167, "completion_tokens": 6, "total_tokens": 173, "token_count_source": "tokenizer", "diffusion_steps": null, "flops_estimate": null, "flops_arch": null, "flops_model_params": null, "flops_active_params": null, "tokens_non_final": 3, "tokens_reasoning": 0, "tokens_response": 3, "elapsed_seconds": 0.19518423080444336, "judgement": "Way off"}
{"id": "units_000607", "topic": "units", "subtopic": "kg_g", "prompt": "An item costs $11.97 per kg. You take 400 g. About how much is that?", "exact_value": 4.79, "model": "qwen/qwen2.5-3b-instruct", "provider": "transformers", "response": "Final answer: 2", "numeric_answer": 2.0, "relative_error": 0.5824634655532359, "thinking_text": null, "has_tool_call": false, "tool_call": null, "usage": {"prompt_tokens": 168, "completion_tokens": 6, "total_tokens": 174, "token_count_source": "tokenizer"}, "decoding": {"temperature": 0.2, "top_p": null, "top_k": null, "max_tokens": 256, "seed": 42}, "prompt_tokens": 168, "completion_tokens": 6, "total_tokens": 174, "token_count_source": "tokenizer", "diffusion_steps": null, "flops_estimate": null, "flops_arch": null, "flops_model_params": null, "flops_active_params": null, "tokens_non_final": 3, "tokens_reasoning": 0, "tokens_response": 3, "elapsed_seconds": 0.2051830291748047, "judgement": "Mildly off"}
{"id": "units_000627", "topic": "units", "subtopic": "lb_oz", "prompt": "You buy 2.13 lb at $11.95 per lb. About how much is that total?", "exact_value": 25.45, "model": "qwen/qwen2.5-3b-instruct", "provider": "transformers", "response": "Final answer: 4", "numeric_answer": 4.0, "relative_error": 0.8428290766208252, "thinking_text": null, "has_tool_call": false, "tool_call": null, "usage": {"prompt_tokens": 167, "completion_tokens": 6, "total_tokens": 173, "token_count_source": "tokenizer"}, "decoding": {"temperature": 0.2, "top_p": null, "top_k": null, "max_tokens": 256, "seed": 42}, "prompt_tokens": 167, "completion_tokens": 6, "total_tokens": 173, "token_count_source": "tokenizer", "diffusion_steps": null, "flops_estimate": null, "flops_arch": null, "flops_model_params": null, "flops_active_params": null, "tokens_non_final": 3, "tokens_reasoning": 0, "tokens_response": 3, "elapsed_seconds": 0.21515798568725586, "judgement": "Way off"}
{"id": "units_000647", "topic": "units", "subtopic": "kg_g", "prompt": "An item costs $10.91 per kg. You take 900 g. About how much is that?", "exact_value": 9.82, "model": "qwen/qwen2.5-3b-instruct", "provider": "transformers", "response": "Final answer: 2", "numeric_answer": 2.0, "relative_error": 0.7963340122199593, "thinking_text": null, "has_tool_call": false, "tool_call": null, "usage": {"prompt_tokens": 168, "completion_tokens": 6, "total_tokens": 174, "token_count_source": "tokenizer"}, "decoding": {"temperature": 0.2, "top_p": null, "top_k": null, "max_tokens": 256, "seed": 42}, "prompt_tokens": 168, "completion_tokens": 6, "total_tokens": 174, "token_count_source": "tokenizer", "diffusion_steps": null, "flops_estimate": null, "flops_arch": null, "flops_model_params": null, "flops_active_params": null, "tokens_non_final": 3, "tokens_reasoning": 0, "tokens_response": 3, "elapsed_seconds": 0.19414305686950684, "judgement": "Way off"}
{"id": "units_000667", "topic": "units", "subtopic": "kg_g", "prompt": "An item costs $13.39 per kg. You take 300 g. About how much is that?", "exact_value": 4.02, "model": "qwen/qwen2.5-3b-instruct", "provider": "transformers", "response": "Final answer: 2", "numeric_answer": 2.0, "relative_error": 0.5024875621890547, "thinking_text": null, "has_tool_call": false, "tool_call": null, "usage": {"prompt_tokens": 168, "completion_tokens": 6, "total_tokens": 174, "token_count_source": "tokenizer"}, "decoding": {"temperature": 0.2, "top_p": null, "top_k": null, "max_tokens": 256, "seed": 42}, "prompt_tokens": 168, "completion_tokens": 6, "total_tokens": 174, "token_count_source": "tokenizer", "diffusion_steps": null, "flops_estimate": null, "flops_arch": null, "flops_model_params": null, "flops_active_params": null, "tokens_non_final": 3, "tokens_reasoning": 0, "tokens_response": 3, "elapsed_seconds": 0.20971465110778809, "judgement": "Mildly off"}
{"id": "units_000687", "topic": "units", "subtopic": "lb_oz", "prompt": "You buy 1.93 lb at $5.24 per lb. About how much is that total?", "exact_value": 10.11, "model": "qwen/qwen2.5-3b-instruct", "provider": "transformers", "response": "Final answer: 50", "numeric_answer": 50.0, "relative_error": 3.945598417408507, "thinking_text": null, "has_tool_call": false, "tool_call": null, "usage": {"prompt_tokens": 166, "completion_tokens": 7, "total_tokens": 173, "token_count_source": "tokenizer"}, "decoding": {"temperature": 0.2, "top_p": null, "top_k": null, "max_tokens": 256, "seed": 42}, "prompt_tokens": 166, "completion_tokens": 7, "total_tokens": 173, "token_count_source": "tokenizer", "diffusion_steps": null, "flops_estimate": null, "flops_arch": null, "flops_model_params": null, "flops_active_params": null, "tokens_non_final": 3, "tokens_reasoning": 0, "tokens_response": 3, "elapsed_seconds": 0.24358773231506348, "judgement": "Way off"}
{"id": "units_000707", "topic": "units", "subtopic": "kg_g", "prompt": "An item costs $7.61 per kg. You take 400 g. About how much is that?", "exact_value": 3.04, "model": "qwen/qwen2.5-3b-instruct", "provider": "transformers", "response": "Final answer: 8", "numeric_answer": 8.0, "relative_error": 1.631578947368421, "thinking_text": null, "has_tool_call": false, "tool_call": null, "usage": {"prompt_tokens": 167, "completion_tokens": 6, "total_tokens": 173, "token_count_source": "tokenizer"}, "decoding": {"temperature": 0.2, "top_p": null, "top_k": null, "max_tokens": 256, "seed": 42}, "prompt_tokens": 167, "completion_tokens": 6, "total_tokens": 173, "token_count_source": "tokenizer", "diffusion_steps": null, "flops_estimate": null, "flops_arch": null, "flops_model_params": null, "flops_active_params": null, "tokens_non_final": 3, "tokens_reasoning": 0, "tokens_response": 3, "elapsed_seconds": 0.19784951210021973, "judgement": "Way off"}
{"id": "units_000727", "topic": "units", "subtopic": "lb_oz", "prompt": "You buy 3.59 lb at $10.93 per lb. About how much is that total?", "exact_value": 39.24, "model": "qwen/qwen2.5-3b-instruct", "provider": "transformers", "response": "Final answer: 30", "numeric_answer": 30.0, "relative_error": 0.235474006116208, "thinking_text": null, "has_tool_call": false, "tool_call": null, "usage": {"prompt_tokens": 167, "completion_tokens": 7, "total_tokens": 174, "token_count_source": "tokenizer"}, "decoding": {"temperature": 0.2, "top_p": null, "top_k": null, "max_tokens": 256, "seed": 42}, "prompt_tokens": 167, "completion_tokens": 7, "total_tokens": 174, "token_count_source": "tokenizer", "diffusion_steps": null, "flops_estimate": null, "flops_arch": null, "flops_model_params": null, "flops_active_params": null, "tokens_non_final": 3, "tokens_reasoning": 0, "tokens_response": 3, "elapsed_seconds": 0.2426774501800537, "judgement": "Mildly off"}
{"id": "units_000747", "topic": "units", "subtopic": "lb_oz", "prompt": "You buy 2.72 lb at $3.64 per lb. About how much is that total?", "exact_value": 9.9, "model": "qwen/qwen2.5-3b-instruct", "provider": "transformers", "response": "Final answer: 3.5", "numeric_answer": 3.5, "relative_error": 0.6464646464646465, "thinking_text": null, "has_tool_call": false, "tool_call": null, "usage": {"prompt_tokens": 166, "completion_tokens": 8, "total_tokens": 174, "token_count_source": "tokenizer"}, "decoding": {"temperature": 0.2, "top_p": null, "top_k": null, "max_tokens": 256, "seed": 42}, "prompt_tokens": 166, "completion_tokens": 8, "total_tokens": 174, "token_count_source": "tokenizer", "diffusion_steps": null, "flops_estimate": null, "flops_arch": null, "flops_model_params": null, "flops_active_params": null, "tokens_non_final": 3, "tokens_reasoning": 0, "tokens_response": 3, "elapsed_seconds": 0.2712984085083008, "judgement": "Way off"}
{"id": "units_000767", "topic": "units", "subtopic": "kg_g", "prompt": "An item costs $11.67 per kg. You take 900 g. About how much is that?", "exact_value": 10.5, "model": "qwen/qwen2.5-3b-instruct", "provider": "transformers", "response": "3", "numeric_answer": 3.0, "relative_error": 0.7142857142857143, "thinking_text": null, "has_tool_call": false, "tool_call": null, "usage": {"prompt_tokens": 168, "completion_tokens": 2, "total_tokens": 170, "token_count_source": "tokenizer"}, "decoding": {"temperature": 0.2, "top_p": null, "top_k": null, "max_tokens": 256, "seed": 42}, "prompt_tokens": 168, "completion_tokens": 2, "total_tokens": 170, "token_count_source": "tokenizer", "diffusion_steps": null, "flops_estimate": null, "flops_arch": null, "flops_model_params": null, "flops_active_params": null, "tokens_non_final": 1, "tokens_reasoning": 0, "tokens_response": 1, "elapsed_seconds": 0.06894040107727051, "judgement": "Way off"}
{"id": "units_000787", "topic": "units", "subtopic": "kg_g", "prompt": "An item costs $10.33 per kg. You take 400 g. About how much is that?", "exact_value": 4.13, "model": "qwen/qwen2.5-3b-instruct", "provider": "transformers", "response": "Final answer: 10", "numeric_answer": 10.0, "relative_error": 1.4213075060532687, "thinking_text": null, "has_tool_call": false, "tool_call": null, "usage": {"prompt_tokens": 168, "completion_tokens": 7, "total_tokens": 175, "token_count_source": "tokenizer"}, "decoding": {"temperature": 0.2, "top_p": null, "top_k": null, "max_tokens": 256, "seed": 42}, "prompt_tokens": 168, "completion_tokens": 7, "total_tokens": 175, "token_count_source": "tokenizer", "diffusion_steps": null, "flops_estimate": null, "flops_arch": null, "flops_model_params": null, "flops_active_params": null, "tokens_non_final": 3, "tokens_reasoning": 0, "tokens_response": 3, "elapsed_seconds": 0.24448537826538086, "judgement": "Way off"}
{"id": "units_000807", "topic": "units", "subtopic": "kg_g", "prompt": "An item costs $17.42 per kg. You take 400 g. About how much is that?", "exact_value": 6.97, "model": "qwen/qwen2.5-3b-instruct", "provider": "transformers", "response": "Final answer: 10", "numeric_answer": 10.0, "relative_error": 0.43472022955523676, "thinking_text": null, "has_tool_call": false, "tool_call": null, "usage": {"prompt_tokens": 168, "completion_tokens": 7, "total_tokens": 175, "token_count_source": "tokenizer"}, "decoding": {"temperature": 0.2, "top_p": null, "top_k": null, "max_tokens": 256, "seed": 42}, "prompt_tokens": 168, "completion_tokens": 7, "total_tokens": 175, "token_count_source": "tokenizer", "diffusion_steps": null, "flops_estimate": null, "flops_arch": null, "flops_model_params": null, "flops_active_params": null, "tokens_non_final": 3, "tokens_reasoning": 0, "tokens_response": 3, "elapsed_seconds": 0.2379753589630127, "judgement": "Mildly off"}
{"id": "units_000827", "topic": "units", "subtopic": "lb_oz", "prompt": "You buy 3.71 lb at $14.59 per lb. About how much is that total?", "exact_value": 54.13, "model": "qwen/qwen2.5-3b-instruct", "provider": "transformers", "response": "Final answer: 20", "numeric_answer": 20.0, "relative_error": 0.6305191206355071, "thinking_text": null, "has_tool_call": false, "tool_call": null, "usage": {"prompt_tokens": 167, "completion_tokens": 7, "total_tokens": 174, "token_count_source": "tokenizer"}, "decoding": {"temperature": 0.2, "top_p": null, "top_k": null, "max_tokens": 256, "seed": 42}, "prompt_tokens": 167, "completion_tokens": 7, "total_tokens": 174, "token_count_source": "tokenizer", "diffusion_steps": null, "flops_estimate": null, "flops_arch": null, "flops_model_params": null, "flops_active_params": null, "tokens_non_final": 3, "tokens_reasoning": 0, "tokens_response": 3, "elapsed_seconds": 0.23983526229858398, "judgement": "Way off"}
{"id": "units_000847", "topic": "units", "subtopic": "kg_g", "prompt": "An item costs $16.02 per kg. You take 300 g. About how much is that?", "exact_value": 4.81, "model": "qwen/qwen2.5-3b-instruct", "provider": "transformers", "response": "Final answer: 10", "numeric_answer": 10.0, "relative_error": 1.0790020790020791, "thinking_text": null, "has_tool_call": false, "tool_call": null, "usage": {"prompt_tokens": 168, "completion_tokens": 7, "total_tokens": 175, "token_count_source": "tokenizer"}, "decoding": {"temperature": 0.2, "top_p": null, "top_k": null, "max_tokens": 256, "seed": 42}, "prompt_tokens": 168, "completion_tokens": 7, "total_tokens": 175, "token_count_source": "tokenizer", "diffusion_steps": null, "flops_estimate": null, "flops_arch": null, "flops_model_params": null, "flops_active_params": null, "tokens_non_final": 3, "tokens_reasoning": 0, "tokens_response": 3, "elapsed_seconds": 0.24441146850585938, "judgement": "Way off"}
{"id": "units_000867", "topic": "units", "subtopic": "kg_g", "prompt": "An item costs $19.16 per kg. You take 750 g. About how much is that?", "exact_value": 14.37, "model": "qwen/qwen2.5-3b-instruct", "provider": "transformers", "response": "Final answer: 2", "numeric_answer": 2.0, "relative_error": 0.8608211551844119, "thinking_text": null, "has_tool_call": false, "tool_call": null, "usage": {"prompt_tokens": 168, "completion_tokens": 6, "total_tokens": 174, "token_count_source": "tokenizer"}, "decoding": {"temperature": 0.2, "top_p": null, "top_k": null, "max_tokens": 256, "seed": 42}, "prompt_tokens": 168, "completion_tokens": 6, "total_tokens": 174, "token_count_source": "tokenizer", "diffusion_steps": null, "flops_estimate": null, "flops_arch": null, "flops_model_params": null, "flops_active_params": null, "tokens_non_final": 3, "tokens_reasoning": 0, "tokens_response": 3, "elapsed_seconds": 0.19741225242614746, "judgement": "Way off"}
{"id": "units_000887", "topic": "units", "subtopic": "kg_g", "prompt": "An item costs $4.82 per kg. You take 750 g. About how much is that?", "exact_value": 3.62, "model": "qwen/qwen2.5-3b-instruct", "provider": "transformers", "response": "Final answer: 5", "numeric_answer": 5.0, "relative_error": 0.38121546961325964, "thinking_text": null, "has_tool_call": false, "tool_call": null, "usage": {"prompt_tokens": 167, "completion_tokens": 6, "total_tokens": 173, "token_count_source": "tokenizer"}, "decoding": {"temperature": 0.2, "top_p": null, "top_k": null, "max_tokens": 256, "seed": 42}, "prompt_tokens": 167, "completion_tokens": 6, "total_tokens": 173, "token_count_source": "tokenizer", "diffusion_steps": null, "flops_estimate": null, "flops_arch": null, "flops_model_params": null, "flops_active_params": null, "tokens_non_final": 3, "tokens_reasoning": 0, "tokens_response": 3, "elapsed_seconds": 0.20979595184326172, "judgement": "Mildly off"}
{"id": "units_000907", "topic": "units", "subtopic": "lb_oz", "prompt": "You buy 1.03 lb at $7.95 per lb. About how much is that total?", "exact_value": 8.19, "model": "qwen/qwen2.5-3b-instruct", "provider": "transformers", "response": "Final answer: 20", "numeric_answer": 20.0, "relative_error": 1.4420024420024422, "thinking_text": null, "has_tool_call": false, "tool_call": null, "usage": {"prompt_tokens": 166, "completion_tokens": 7, "total_tokens": 173, "token_count_source": "tokenizer"}, "decoding": {"temperature": 0.2, "top_p": null, "top_k": null, "max_tokens": 256, "seed": 42}, "prompt_tokens": 166, "completion_tokens": 7, "total_tokens": 173, "token_count_source": "tokenizer", "diffusion_steps": null, "flops_estimate": null, "flops_arch": null, "flops_model_params": null, "flops_active_params": null, "tokens_non_final": 3, "tokens_reasoning": 0, "tokens_response": 3, "elapsed_seconds": 0.2370004653930664, "judgement": "Way off"}
{"id": "units_000927", "topic": "units", "subtopic": "lb_oz", "prompt": "You buy 4.57 lb at $4.76 per lb. About how much is that total?", "exact_value": 21.75, "model": "qwen/qwen2.5-3b-instruct", "provider": "transformers", "response": "Final answer: 20", "numeric_answer": 20.0, "relative_error": 0.08045977011494253, "thinking_text": null, "has_tool_call": false, "tool_call": null, "usage": {"prompt_tokens": 166, "completion_tokens": 7, "total_tokens": 173, "token_count_source": "tokenizer"}, "decoding": {"temperature": 0.2, "top_p": null, "top_k": null, "max_tokens": 256, "seed": 42}, "prompt_tokens": 166, "completion_tokens": 7, "total_tokens": 173, "token_count_source": "tokenizer", "diffusion_steps": null, "flops_estimate": null, "flops_arch": null, "flops_model_params": null, "flops_active_params": null, "tokens_non_final": 3, "tokens_reasoning": 0, "tokens_response": 3, "elapsed_seconds": 0.23208951950073242, "judgement": "Good approximation"}
{"id": "units_000947", "topic": "units", "subtopic": "lb_oz", "prompt": "You buy 1.79 lb at $7.65 per lb. About how much is that total?", "exact_value": 13.69, "model": "qwen/qwen2.5-3b-instruct", "provider": "transformers", "response": "Final answer: 20", "numeric_answer": 20.0, "relative_error": 0.4609203798392988, "thinking_text": null, "has_tool_call": false, "tool_call": null, "usage": {"prompt_tokens": 166, "completion_tokens": 7, "total_tokens": 173, "token_count_source": "tokenizer"}, "decoding": {"temperature": 0.2, "top_p": null, "top_k": null, "max_tokens": 256, "seed": 42}, "prompt_tokens": 166, "completion_tokens": 7, "total_tokens": 173, "token_count_source": "tokenizer", "diffusion_steps": null, "flops_estimate": null, "flops_arch": null, "flops_model_params": null, "flops_active_params": null, "tokens_non_final": 3, "tokens_reasoning": 0, "tokens_response": 3, "elapsed_seconds": 0.2523782253265381, "judgement": "Mildly off"}
{"id": "units_000967", "topic": "units", "subtopic": "lb_oz", "prompt": "You buy 2.01 lb at $13.92 per lb. About how much is that total?", "exact_value": 27.98, "model": "qwen/qwen2.5-3b-instruct", "provider": "transformers", "response": "Final answer: 40", "numeric_answer": 40.0, "relative_error": 0.42959256611865615, "thinking_text": null, "has_tool_call": false, "tool_call": null, "usage": {"prompt_tokens": 167, "completion_tokens": 7, "total_tokens": 174, "token_count_source": "tokenizer"}, "decoding": {"temperature": 0.2, "top_p": null, "top_k": null, "max_tokens": 256, "seed": 42}, "prompt_tokens": 167, "completion_tokens": 7, "total_tokens": 174, "token_count_source": "tokenizer", "diffusion_steps": null, "flops_estimate": null, "flops_arch": null, "flops_model_params": null, "flops_active_params": null, "tokens_non_final": 3, "tokens_reasoning": 0, "tokens_response": 3, "elapsed_seconds": 0.24108362197875977, "judgement": "Mildly off"}
{"id": "units_000987", "topic": "units", "subtopic": "kg_g", "prompt": "An item costs $17.96 per kg. You take 500 g. About how much is that?", "exact_value": 8.98, "model": "qwen/qwen2.5-3b-instruct", "provider": "transformers", "response": "20", "numeric_answer": 20.0, "relative_error": 1.2271714922048997, "thinking_text": null, "has_tool_call": false, "tool_call": null, "usage": {"prompt_tokens": 168, "completion_tokens": 3, "total_tokens": 171, "token_count_source": "tokenizer"}, "decoding": {"temperature": 0.2, "top_p": null, "top_k": null, "max_tokens": 256, "seed": 42}, "prompt_tokens": 168, "completion_tokens": 3, "total_tokens": 171, "token_count_source": "tokenizer", "diffusion_steps": null, "flops_estimate": null, "flops_arch": null, "flops_model_params": null, "flops_active_params": null, "tokens_non_final": 1, "tokens_reasoning": 0, "tokens_response": 1, "elapsed_seconds": 0.1051478385925293, "judgement": "Way off"}
{"id": "units_001007", "topic": "units", "subtopic": "lb_oz", "prompt": "You buy 3.75 lb at $12.94 per lb. About how much is that total?", "exact_value": 48.53, "model": "qwen/qwen2.5-3b-instruct", "provider": "transformers", "response": "Final answer: 3.75", "numeric_answer": 3.75, "relative_error": 0.9227282093550381, "thinking_text": null, "has_tool_call": false, "tool_call": null, "usage": {"prompt_tokens": 167, "completion_tokens": 9, "total_tokens": 176, "token_count_source": "tokenizer"}, "decoding": {"temperature": 0.2, "top_p": null, "top_k": null, "max_tokens": 256, "seed": 42}, "prompt_tokens": 167, "completion_tokens": 9, "total_tokens": 176, "token_count_source": "tokenizer", "diffusion_steps": null, "flops_estimate": null, "flops_arch": null, "flops_model_params": null, "flops_active_params": null, "tokens_non_final": 3, "tokens_reasoning": 0, "tokens_response": 3, "elapsed_seconds": 0.3123469352722168, "judgement": "Way off"}
{"id": "units_001027", "topic": "units", "subtopic": "kg_g", "prompt": "An item costs $17.61 per kg. You take 900 g. About how much is that?", "exact_value": 15.85, "model": "qwen/qwen2.5-3b-instruct", "provider": "transformers", "response": "Final answer: 2", "numeric_answer": 2.0, "relative_error": 0.8738170347003155, "thinking_text": null, "has_tool_call": false, "tool_call": null, "usage": {"prompt_tokens": 168, "completion_tokens": 6, "total_tokens": 174, "token_count_source": "tokenizer"}, "decoding": {"temperature": 0.2, "top_p": null, "top_k": null, "max_tokens": 256, "seed": 42}, "prompt_tokens": 168, "completion_tokens": 6, "total_tokens": 174, "token_count_source": "tokenizer", "diffusion_steps": null, "flops_estimate": null, "flops_arch": null, "flops_model_params": null, "flops_active_params": null, "tokens_non_final": 3, "tokens_reasoning": 0, "tokens_response": 3, "elapsed_seconds": 0.19327569007873535, "judgement": "Way off"}
{"id": "units_001047", "topic": "units", "subtopic": "kg_g", "prompt": "An item costs $4.66 per kg. You take 750 g. About how much is that?", "exact_value": 3.5, "model": "qwen/qwen2.5-3b-instruct", "provider": "transformers", "response": "Final answer: 2", "numeric_answer": 2.0, "relative_error": 0.42857142857142855, "thinking_text": null, "has_tool_call": false, "tool_call": null, "usage": {"prompt_tokens": 167, "completion_tokens": 6, "total_tokens": 173, "token_count_source": "tokenizer"}, "decoding": {"temperature": 0.2, "top_p": null, "top_k": null, "max_tokens": 256, "seed": 42}, "prompt_tokens": 167, "completion_tokens": 6, "total_tokens": 173, "token_count_source": "tokenizer", "diffusion_steps": null, "flops_estimate": null, "flops_arch": null, "flops_model_params": null, "flops_active_params": null, "tokens_non_final": 3, "tokens_reasoning": 0, "tokens_response": 3, "elapsed_seconds": 0.21167254447937012, "judgement": "Mildly off"}
{"id": "units_001067", "topic": "units", "subtopic": "lb_oz", "prompt": "You buy 5.21 lb at $3.37 per lb. About how much is that total?", "exact_value": 17.56, "model": "qwen/qwen2.5-3b-instruct", "provider": "transformers", "response": "Final answer: 5.6", "numeric_answer": 5.6, "relative_error": 0.6810933940774487, "thinking_text": null, "has_tool_call": false, "tool_call": null, "usage": {"prompt_tokens": 166, "completion_tokens": 8, "total_tokens": 174, "token_count_source": "tokenizer"}, "decoding": {"temperature": 0.2, "top_p": null, "top_k": null, "max_tokens": 256, "seed": 42}, "prompt_tokens": 166, "completion_tokens": 8, "total_tokens": 174, "token_count_source": "tokenizer", "diffusion_steps": null, "flops_estimate": null, "flops_arch": null, "flops_model_params": null, "flops_active_params": null, "tokens_non_final": 3, "tokens_reasoning": 0, "tokens_response": 3, "elapsed_seconds": 0.2803218364715576, "judgement": "Way off"}
{"id": "units_001087", "topic": "units", "subtopic": "kg_g", "prompt": "An item costs $7.42 per kg. You take 400 g. About how much is that?", "exact_value": 2.97, "model": "qwen/qwen2.5-3b-instruct", "provider": "transformers", "response": "Final answer: 8", "numeric_answer": 8.0, "relative_error": 1.6936026936026933, "thinking_text": null, "has_tool_call": false, "tool_call": null, "usage": {"prompt_tokens": 167, "completion_tokens": 6, "total_tokens": 173, "token_count_source": "tokenizer"}, "decoding": {"temperature": 0.2, "top_p": null, "top_k": null, "max_tokens": 256, "seed": 42}, "prompt_tokens": 167, "completion_tokens": 6, "total_tokens": 173, "token_count_source": "tokenizer", "diffusion_steps": null, "flops_estimate": null, "flops_arch": null, "flops_model_params": null, "flops_active_params": null, "tokens_non_final": 3, "tokens_reasoning": 0, "tokens_response": 3, "elapsed_seconds": 0.20772838592529297, "judgement": "Way off"}
{"id": "units_001107", "topic": "units", "subtopic": "kg_g", "prompt": "An item costs $19.86 per kg. You take 400 g. About how much is that?", "exact_value": 7.94, "model": "qwen/qwen2.5-3b-instruct", "provider": "transformers", "response": "Final answer: 2", "numeric_answer": 2.0, "relative_error": 0.7481108312342569, "thinking_text": null, "has_tool_call": false, "tool_call": null, "usage": {"prompt_tokens": 168, "completion_tokens": 6, "total_tokens": 174, "token_count_source": "tokenizer"}, "decoding": {"temperature": 0.2, "top_p": null, "top_k": null, "max_tokens": 256, "seed": 42}, "prompt_tokens": 168, "completion_tokens": 6, "total_tokens": 174, "token_count_source": "tokenizer", "diffusion_steps": null, "flops_estimate": null, "flops_arch": null, "flops_model_params": null, "flops_active_params": null, "tokens_non_final": 3, "tokens_reasoning": 0, "tokens_response": 3, "elapsed_seconds": 0.2220611572265625, "judgement": "Way off"}
{"id": "units_001127", "topic": "units", "subtopic": "kg_g", "prompt": "An item costs $5.63 per kg. You take 400 g. About how much is that?", "exact_value": 2.25, "model": "qwen/qwen2.5-3b-instruct", "provider": "transformers", "response": "Final answer: 5", "numeric_answer": 5.0, "relative_error": 1.2222222222222223, "thinking_text": null, "has_tool_call": false, "tool_call": null, "usage": {"prompt_tokens": 167, "completion_tokens": 6, "total_tokens": 173, "token_count_source": "tokenizer"}, "decoding": {"temperature": 0.2, "top_p": null, "top_k": null, "max_tokens": 256, "seed": 42}, "prompt_tokens": 167, "completion_tokens": 6, "total_tokens": 173, "token_count_source": "tokenizer", "diffusion_steps": null, "flops_estimate": null, "flops_arch": null, "flops_model_params": null, "flops_active_params": null, "tokens_non_final": 3, "tokens_reasoning": 0, "tokens_response": 3, "elapsed_seconds": 0.1992506980895996, "judgement": "Way off"}
{"id": "units_001147", "topic": "units", "subtopic": "lb_oz", "prompt": "You buy 0.86 lb at $7.70 per lb. About how much is that total?", "exact_value": 6.62, "model": "qwen/qwen2.5-3b-instruct", "provider": "transformers", "response": "Final answer: 3", "numeric_answer": 3.0, "relative_error": 0.5468277945619335, "thinking_text": null, "has_tool_call": false, "tool_call": null, "usage": {"prompt_tokens": 166, "completion_tokens": 6, "total_tokens": 172, "token_count_source": "tokenizer"}, "decoding": {"temperature": 0.2, "top_p": null, "top_k": null, "max_tokens": 256, "seed": 42}, "prompt_tokens": 166, "completion_tokens": 6, "total_tokens": 172, "token_count_source": "tokenizer", "diffusion_steps": null, "flops_estimate": null, "flops_arch": null, "flops_model_params": null, "flops_active_params": null, "tokens_non_final": 3, "tokens_reasoning": 0, "tokens_response": 3, "elapsed_seconds": 0.2115025520324707, "judgement": "Mildly off"}
{"id": "units_001167", "topic": "units", "subtopic": "kg_g", "prompt": "An item costs $5.90 per kg. You take 400 g. About how much is that?", "exact_value": 2.36, "model": "qwen/qwen2.5-3b-instruct", "provider": "transformers", "response": "2", "numeric_answer": 2.0, "relative_error": 0.1525423728813559, "thinking_text": null, "has_tool_call": false, "tool_call": null, "usage": {"prompt_tokens": 167, "completion_tokens": 2, "total_tokens": 169, "token_count_source": "tokenizer"}, "decoding": {"temperature": 0.2, "top_p": null, "top_k": null, "max_tokens": 256, "seed": 42}, "prompt_tokens": 167, "completion_tokens": 2, "total_tokens": 169, "token_count_source": "tokenizer", "diffusion_steps": null, "flops_estimate": null, "flops_arch": null, "flops_model_params": null, "flops_active_params": null, "tokens_non_final": 1, "tokens_reasoning": 0, "tokens_response": 1, "elapsed_seconds": 0.07093453407287598, "judgement": "Good approximation"}
{"id": "units_001187", "topic": "units", "subtopic": "lb_oz", "prompt": "You buy 3.21 lb at $10.48 per lb. About how much is that total?", "exact_value": 33.64, "model": "qwen/qwen2.5-3b-instruct", "provider": "transformers", "response": "Final answer: 30", "numeric_answer": 30.0, "relative_error": 0.10820451843043996, "thinking_text": null, "has_tool_call": false, "tool_call": null, "usage": {"prompt_tokens": 167, "completion_tokens": 7, "total_tokens": 174, "token_count_source": "tokenizer"}, "decoding": {"temperature": 0.2, "top_p": null, "top_k": null, "max_tokens": 256, "seed": 42}, "prompt_tokens": 167, "completion_tokens": 7, "total_tokens": 174, "token_count_source": "tokenizer", "diffusion_steps": null, "flops_estimate": null, "flops_arch": null, "flops_model_params": null, "flops_active_params": null, "tokens_non_final": 3, "tokens_reasoning": 0, "tokens_response": 3, "elapsed_seconds": 0.23907971382141113, "judgement": "Good approximation"}
{"id": "units_001207", "topic": "units", "subtopic": "lb_oz", "prompt": "You buy 1.97 lb at $9.55 per lb. About how much is that total?", "exact_value": 18.81, "model": "qwen/qwen2.5-3b-instruct", "provider": "transformers", "response": "Final answer: 200", "numeric_answer": 200.0, "relative_error": 9.63264221158958, "thinking_text": null, "has_tool_call": false, "tool_call": null, "usage": {"prompt_tokens": 166, "completion_tokens": 8, "total_tokens": 174, "token_count_source": "tokenizer"}, "decoding": {"temperature": 0.2, "top_p": null, "top_k": null, "max_tokens": 256, "seed": 42}, "prompt_tokens": 166, "completion_tokens": 8, "total_tokens": 174, "token_count_source": "tokenizer", "diffusion_steps": null, "flops_estimate": null, "flops_arch": null, "flops_model_params": null, "flops_active_params": null, "tokens_non_final": 3, "tokens_reasoning": 0, "tokens_response": 3, "elapsed_seconds": 0.2763080596923828, "judgement": "Way off"}
{"id": "units_001227", "topic": "units", "subtopic": "lb_oz", "prompt": "You buy 5.24 lb at $7.66 per lb. About how much is that total?", "exact_value": 40.14, "model": "qwen/qwen2.5-3b-instruct", "provider": "transformers", "response": "Final answer: 3", "numeric_answer": 3.0, "relative_error": 0.9252615844544095, "thinking_text": null, "has_tool_call": false, "tool_call": null, "usage": {"prompt_tokens": 166, "completion_tokens": 6, "total_tokens": 172, "token_count_source": "tokenizer"}, "decoding": {"temperature": 0.2, "top_p": null, "top_k": null, "max_tokens": 256, "seed": 42}, "prompt_tokens": 166, "completion_tokens": 6, "total_tokens": 172, "token_count_source": "tokenizer", "diffusion_steps": null, "flops_estimate": null, "flops_arch": null, "flops_model_params": null, "flops_active_params": null, "tokens_non_final": 3, "tokens_reasoning": 0, "tokens_response": 3, "elapsed_seconds": 0.2192234992980957, "judgement": "Way off"}
{"id": "units_001247", "topic": "units", "subtopic": "kg_g", "prompt": "An item costs $5.89 per kg. You take 750 g. About how much is that?", "exact_value": 4.42, "model": "qwen/qwen2.5-3b-instruct", "provider": "transformers", "response": "2", "numeric_answer": 2.0, "relative_error": 0.5475113122171945, "thinking_text": null, "has_tool_call": false, "tool_call": null, "usage": {"prompt_tokens": 167, "completion_tokens": 2, "total_tokens": 169, "token_count_source": "tokenizer"}, "decoding": {"temperature": 0.2, "top_p": null, "top_k": null, "max_tokens": 256, "seed": 42}, "prompt_tokens": 167, "completion_tokens": 2, "total_tokens": 169, "token_count_source": "tokenizer", "diffusion_steps": null, "flops_estimate": null, "flops_arch": null, "flops_model_params": null, "flops_active_params": null, "tokens_non_final": 1, "tokens_reasoning": 0, "tokens_response": 1, "elapsed_seconds": 0.06988358497619629, "judgement": "Mildly off"}
{"id": "units_001267", "topic": "units", "subtopic": "kg_g", "prompt": "An item costs $17.87 per kg. You take 250 g. About how much is that?", "exact_value": 4.47, "model": "qwen/qwen2.5-3b-instruct", "provider": "transformers", "response": "3", "numeric_answer": 3.0, "relative_error": 0.32885906040268453, "thinking_text": null, "has_tool_call": false, "tool_call": null, "usage": {"prompt_tokens": 168, "completion_tokens": 2, "total_tokens": 170, "token_count_source": "tokenizer"}, "decoding": {"temperature": 0.2, "top_p": null, "top_k": null, "max_tokens": 256, "seed": 42}, "prompt_tokens": 168, "completion_tokens": 2, "total_tokens": 170, "token_count_source": "tokenizer", "diffusion_steps": null, "flops_estimate": null, "flops_arch": null, "flops_model_params": null, "flops_active_params": null, "tokens_non_final": 1, "tokens_reasoning": 0, "tokens_response": 1, "elapsed_seconds": 0.07365703582763672, "judgement": "Mildly off"}
{"id": "units_001287", "topic": "units", "subtopic": "kg_g", "prompt": "An item costs $6.27 per kg. You take 350 g. About how much is that?", "exact_value": 2.19, "model": "qwen/qwen2.5-3b-instruct", "provider": "transformers", "response": "Final answer: 5", "numeric_answer": 5.0, "relative_error": 1.2831050228310503, "thinking_text": null, "has_tool_call": false, "tool_call": null, "usage": {"prompt_tokens": 167, "completion_tokens": 6, "total_tokens": 173, "token_count_source": "tokenizer"}, "decoding": {"temperature": 0.2, "top_p": null, "top_k": null, "max_tokens": 256, "seed": 42}, "prompt_tokens": 167, "completion_tokens": 6, "total_tokens": 173, "token_count_source": "tokenizer", "diffusion_steps": null, "flops_estimate": null, "flops_arch": null, "flops_model_params": null, "flops_active_params": null, "tokens_non_final": 3, "tokens_reasoning": 0, "tokens_response": 3, "elapsed_seconds": 0.20818877220153809, "judgement": "Way off"}
{"id": "units_001307", "topic": "units", "subtopic": "lb_oz", "prompt": "You buy 5.85 lb at $4.79 per lb. About how much is that total?", "exact_value": 28.02, "model": "qwen/qwen2.5-3b-instruct", "provider": "transformers", "response": "Final answer: 5", "numeric_answer": 5.0, "relative_error": 0.8215560314061384, "thinking_text": null, "has_tool_call": false, "tool_call": null, "usage": {"prompt_tokens": 166, "completion_tokens": 6, "total_tokens": 172, "token_count_source": "tokenizer"}, "decoding": {"temperature": 0.2, "top_p": null, "top_k": null, "max_tokens": 256, "seed": 42}, "prompt_tokens": 166, "completion_tokens": 6, "total_tokens": 172, "token_count_source": "tokenizer", "diffusion_steps": null, "flops_estimate": null, "flops_arch": null, "flops_model_params": null, "flops_active_params": null, "tokens_non_final": 3, "tokens_reasoning": 0, "tokens_response": 3, "elapsed_seconds": 0.20022201538085938, "judgement": "Way off"}
{"id": "units_001327", "topic": "units", "subtopic": "lb_oz", "prompt": "You buy 3.55 lb at $11.49 per lb. About how much is that total?", "exact_value": 40.79, "model": "qwen/qwen2.5-3b-instruct", "provider": "transformers", "response": "Final answer: 20", "numeric_answer": 20.0, "relative_error": 0.5096837460161804, "thinking_text": null, "has_tool_call": false, "tool_call": null, "usage": {"prompt_tokens": 167, "completion_tokens": 7, "total_tokens": 174, "token_count_source": "tokenizer"}, "decoding": {"temperature": 0.2, "top_p": null, "top_k": null, "max_tokens": 256, "seed": 42}, "prompt_tokens": 167, "completion_tokens": 7, "total_tokens": 174, "token_count_source": "tokenizer", "diffusion_steps": null, "flops_estimate": null, "flops_arch": null, "flops_model_params": null, "flops_active_params": null, "tokens_non_final": 3, "tokens_reasoning": 0, "tokens_response": 3, "elapsed_seconds": 0.2388594150543213, "judgement": "Mildly off"}
{"id": "tips_000127", "topic": "tips", "subtopic": "tips_service", "prompt": "Bill is $61.32; service fee 0% and tip 22%. About how much do you pay in total?", "exact_value": 74.81, "model": "qwen/qwen2.5-3b-instruct", "provider": "transformers", "response": "Final answer: 61", "numeric_answer": 61.0, "relative_error": 0.18460098917257053, "thinking_text": null, "has_tool_call": false, "tool_call": null, "usage": {"prompt_tokens": 171, "completion_tokens": 7, "total_tokens": 178, "token_count_source": "tokenizer"}, "decoding": {"temperature": 0.2, "top_p": null, "top_k": null, "max_tokens": 256, "seed": 42}, "prompt_tokens": 171, "completion_tokens": 7, "total_tokens": 178, "token_count_source": "tokenizer", "diffusion_steps": null, "flops_estimate": null, "flops_arch": null, "flops_model_params": null, "flops_active_params": null, "tokens_non_final": 3, "tokens_reasoning": 0, "tokens_response": 3, "elapsed_seconds": 0.24333834648132324, "judgement": "Good approximation"}
{"id": "tips_000147", "topic": "tips", "subtopic": "tips_service", "prompt": "Bill is $28.37; service fee 3% and tip 15%. About how much do you pay in total?", "exact_value": 33.6, "model": "qwen/qwen2.5-3b-instruct", "provider": "transformers", "response": "Final answer: 29", "numeric_answer": 29.0, "relative_error": 0.13690476190476195, "thinking_text": null, "has_tool_call": false, "tool_call": null, "usage": {"prompt_tokens": 171, "completion_tokens": 7, "total_tokens": 178, "token_count_source": "tokenizer"}, "decoding": {"temperature": 0.2, "top_p": null, "top_k": null, "max_tokens": 256, "seed": 42}, "prompt_tokens": 171, "completion_tokens": 7, "total_tokens": 178, "token_count_source": "tokenizer", "diffusion_steps": null, "flops_estimate": null, "flops_arch": null, "flops_model_params": null, "flops_active_params": null, "tokens_non_final": 3, "tokens_reasoning": 0, "tokens_response": 3, "elapsed_seconds": 0.2433948516845703, "judgement": "Good approximation"}
{"id": "tips_000167", "topic": "tips", "subtopic": "tips_service", "prompt": "Bill is $104.95; service fee 3% and tip 22%. About how much do you pay in total?", "exact_value": 131.88, "model": "qwen/qwen2.5-3b-instruct", "provider": "transformers", "response": "Final answer: 10.5", "numeric_answer": 10.5, "relative_error": 0.9203821656050956, "thinking_text": null, "has_tool_call": false, "tool_call": null, "usage": {"prompt_tokens": 172, "completion_tokens": 9, "total_tokens": 181, "token_count_source": "tokenizer"}, "decoding": {"temperature": 0.2, "top_p": null, "top_k": null, "max_tokens": 256, "seed": 42}, "prompt_tokens": 172, "completion_tokens": 9, "total_tokens": 181, "token_count_source": "tokenizer", "diffusion_steps": null, "flops_estimate": null, "flops_arch": null, "flops_model_params": null, "flops_active_params": null, "tokens_non_final": 3, "tokens_reasoning": 0, "tokens_response": 3, "elapsed_seconds": 0.3201868534088135, "judgement": "Way off"}
{"id": "tips_000187", "topic": "tips", "subtopic": "tips_service", "prompt": "Bill is $21.63; service fee 5% and tip 18%. About how much do you pay in total?", "exact_value": 26.8, "model": "qwen/qwen2.5-3b-instruct", "provider": "transformers", "response": "Final answer: 24", "numeric_answer": 24.0, "relative_error": 0.10447761194029853, "thinking_text": null, "has_tool_call": false, "tool_call": null, "usage": {"prompt_tokens": 171, "completion_tokens": 7, "total_tokens": 178, "token_count_source": "tokenizer"}, "decoding": {"temperature": 0.2, "top_p": null, "top_k": null, "max_tokens": 256, "seed": 42}, "prompt_tokens": 171, "completion_tokens": 7, "total_tokens": 178, "token_count_source": "tokenizer", "diffusion_steps": null, "flops_estimate": null, "flops_arch": null, "flops_model_params": null, "flops_active_params": null, "tokens_non_final": 3, "tokens_reasoning": 0, "tokens_response": 3, "elapsed_seconds": 0.2372901439666748, "judgement": "Good approximation"}
{"id": "tips_000207", "topic": "tips", "subtopic": "tips_service", "prompt": "Bill is $33.06; service fee 0% and tip 18%. About how much do you pay in total?", "exact_value": 39.01, "model": "qwen/qwen2.5-3b-instruct", "provider": "transformers", "response": "Final answer: 33", "numeric_answer": 33.0, "relative_error": 0.15406306075365286, "thinking_text": null, "has_tool_call": false, "tool_call": null, "usage": {"prompt_tokens": 171, "completion_tokens": 7, "total_tokens": 178, "token_count_source": "tokenizer"}, "decoding": {"temperature": 0.2, "top_p": null, "top_k": null, "max_tokens": 256, "seed": 42}, "prompt_tokens": 171, "completion_tokens": 7, "total_tokens": 178, "token_count_source": "tokenizer", "diffusion_steps": null, "flops_estimate": null, "flops_arch": null, "flops_model_params": null, "flops_active_params": null, "tokens_non_final": 3, "tokens_reasoning": 0, "tokens_response": 3, "elapsed_seconds": 0.24391937255859375, "judgement": "Good approximation"}
{"id": "tips_000227", "topic": "tips", "subtopic": "tips_service", "prompt": "Bill is $72.70; service fee 3% and tip 22%. About how much do you pay in total?", "exact_value": 91.35, "model": "qwen/qwen2.5-3b-instruct", "provider": "transformers", "response": "Final answer: 72.8", "numeric_answer": 72.8, "relative_error": 0.20306513409961685, "thinking_text": null, "has_tool_call": false, "tool_call": null, "usage": {"prompt_tokens": 171, "completion_tokens": 9, "total_tokens": 180, "token_count_source": "tokenizer"}, "decoding": {"temperature": 0.2, "top_p": null, "top_k": null, "max_tokens": 256, "seed": 42}, "prompt_tokens": 171, "completion_tokens": 9, "total_tokens": 180, "token_count_source": "tokenizer", "diffusion_steps": null, "flops_estimate": null, "flops_arch": null, "flops_model_params": null, "flops_active_params": null, "tokens_non_final": 3, "tokens_reasoning": 0, "tokens_response": 3, "elapsed_seconds": 0.31749558448791504, "judgement": "Mildly off"}
{"id": "tips_000247", "topic": "tips", "subtopic": "tips_service", "prompt": "Bill is $79.43; service fee 0% and tip 22%. About how much do you pay in total?", "exact_value": 96.9, "model": "qwen/qwen2.5-3b-instruct", "provider": "transformers", "response": "Final answer: 89", "numeric_answer": 89.0, "relative_error": 0.0815273477812178, "thinking_text": null, "has_tool_call": false, "tool_call": null, "usage": {"prompt_tokens": 171, "completion_tokens": 7, "total_tokens": 178, "token_count_source": "tokenizer"}, "decoding": {"temperature": 0.2, "top_p": null, "top_k": null, "max_tokens": 256, "seed": 42}, "prompt_tokens": 171, "completion_tokens": 7, "total_tokens": 178, "token_count_source": "tokenizer", "diffusion_steps": null, "flops_estimate": null, "flops_arch": null, "flops_model_params": null, "flops_active_params": null, "tokens_non_final": 3, "tokens_reasoning": 0, "tokens_response": 3, "elapsed_seconds": 0.24410581588745117, "judgement": "Good approximation"}
{"id": "tips_000267", "topic": "tips", "subtopic": "tips_service", "prompt": "Bill is $66.82; service fee 3% and tip 22%. About how much do you pay in total?", "exact_value": 83.97, "model": "qwen/qwen2.5-3b-instruct", "provider": "transformers", "response": "Final answer: 66", "numeric_answer": 66.0, "relative_error": 0.21400500178635226, "thinking_text": null, "has_tool_call": false, "tool_call": null, "usage": {"prompt_tokens": 171, "completion_tokens": 7, "total_tokens": 178, "token_count_source": "tokenizer"}, "decoding": {"temperature": 0.2, "top_p": null, "top_k": null, "max_tokens": 256, "seed": 42}, "prompt_tokens": 171, "completion_tokens": 7, "total_tokens": 178, "token_count_source": "tokenizer", "diffusion_steps": null, "flops_estimate": null, "flops_arch": null, "flops_model_params": null, "flops_active_params": null, "tokens_non_final": 3, "tokens_reasoning": 0, "tokens_response": 3, "elapsed_seconds": 0.23494315147399902, "judgement": "Mildly off"}
{"id": "tips_000287", "topic": "tips", "subtopic": "tips_service", "prompt": "Bill is $54.76; service fee 5% and tip 18%. About how much do you pay in total?", "exact_value": 67.85, "model": "qwen/qwen2.5-3b-instruct", "provider": "transformers", "response": "Final answer: 3", "numeric_answer": 3.0, "relative_error": 0.9557848194546794, "thinking_text": null, "has_tool_call": false, "tool_call": null, "usage": {"prompt_tokens": 171, "completion_tokens": 6, "total_tokens": 177, "token_count_source": "tokenizer"}, "decoding": {"temperature": 0.2, "top_p": null, "top_k": null, "max_tokens": 256, "seed": 42}, "prompt_tokens": 171, "completion_tokens": 6, "total_tokens": 177, "token_count_source": "tokenizer", "diffusion_steps": null, "flops_estimate": null, "flops_arch": null, "flops_model_params": null, "flops_active_params": null, "tokens_non_final": 3, "tokens_reasoning": 0, "tokens_response": 3, "elapsed_seconds": 0.20824074745178223, "judgement": "Way off"}
{"id": "tips_000307", "topic": "tips", "subtopic": "tips_service", "prompt": "Bill is $114.55; service fee 3% and tip 22%. About how much do you pay in total?", "exact_value": 143.94, "model": "qwen/qwen2.5-3b-instruct", "provider": "transformers", "response": "Final answer: 12", "numeric_answer": 12.0, "relative_error": 0.9166319299708212, "thinking_text": null, "has_tool_call": false, "tool_call": null, "usage": {"prompt_tokens": 172, "completion_tokens": 7, "total_tokens": 179, "token_count_source": "tokenizer"}, "decoding": {"temperature": 0.2, "top_p": null, "top_k": null, "max_tokens": 256, "seed": 42}, "prompt_tokens": 172, "completion_tokens": 7, "total_tokens": 179, "token_count_source": "tokenizer", "diffusion_steps": null, "flops_estimate": null, "flops_arch": null, "flops_model_params": null, "flops_active_params": null, "tokens_non_final": 3, "tokens_reasoning": 0, "tokens_response": 3, "elapsed_seconds": 0.25734496116638184, "judgement": "Way off"}
{"id": "tips_000327", "topic": "tips", "subtopic": "tips_service", "prompt": "Bill is $31.62; service fee 5% and tip 18%. About how much do you pay in total?", "exact_value": 39.18, "model": "qwen/qwen2.5-3b-instruct", "provider": "transformers", "response": "Final answer: 34", "numeric_answer": 34.0, "relative_error": 0.13221031138335884, "thinking_text": null, "has_tool_call": false, "tool_call": null, "usage": {"prompt_tokens": 171, "completion_tokens": 7, "total_tokens": 178, "token_count_source": "tokenizer"}, "decoding": {"temperature": 0.2, "top_p": null, "top_k": null, "max_tokens": 256, "seed": 42}, "prompt_tokens": 171, "completion_tokens": 7, "total_tokens": 178, "token_count_source": "tokenizer", "diffusion_steps": null, "flops_estimate": null, "flops_arch": null, "flops_model_params": null, "flops_active_params": null, "tokens_non_final": 3, "tokens_reasoning": 0, "tokens_response": 3, "elapsed_seconds": 0.2479875087738037, "judgement": "Good approximation"}
{"id": "tips_000347", "topic": "tips", "subtopic": "tips_service", "prompt": "Bill is $22.85; service fee 3% and tip 15%. About how much do you pay in total?", "exact_value": 27.07, "model": "qwen/qwen2.5-3b-instruct", "provider": "transformers", "response": "Final answer: 23", "numeric_answer": 23.0, "relative_error": 0.1503509420022165, "thinking_text": null, "has_tool_call": false, "tool_call": null, "usage": {"prompt_tokens": 171, "completion_tokens": 7, "total_tokens": 178, "token_count_source": "tokenizer"}, "decoding": {"temperature": 0.2, "top_p": null, "top_k": null, "max_tokens": 256, "seed": 42}, "prompt_tokens": 171, "completion_tokens": 7, "total_tokens": 178, "token_count_source": "tokenizer", "diffusion_steps": null, "flops_estimate": null, "flops_arch": null, "flops_model_params": null, "flops_active_params": null, "tokens_non_final": 3, "tokens_reasoning": 0, "tokens_response": 3, "elapsed_seconds": 0.23911452293395996, "judgement": "Good approximation"}
{"id": "tips_000367", "topic": "tips", "subtopic": "tips_service", "prompt": "Bill is $82.68; service fee 0% and tip 15%. About how much do you pay in total?", "exact_value": 95.08, "model": "qwen/qwen2.5-3b-instruct", "provider": "transformers", "response": "Final answer: 82", "numeric_answer": 82.0, "relative_error": 0.1375683634833824, "thinking_text": null, "has_tool_call": false, "tool_call": null, "usage": {"prompt_tokens": 171, "completion_tokens": 7, "total_tokens": 178, "token_count_source": "tokenizer"}, "decoding": {"temperature": 0.2, "top_p": null, "top_k": null, "max_tokens": 256, "seed": 42}, "prompt_tokens": 171, "completion_tokens": 7, "total_tokens": 178, "token_count_source": "tokenizer", "diffusion_steps": null, "flops_estimate": null, "flops_arch": null, "flops_model_params": null, "flops_active_params": null, "tokens_non_final": 3, "tokens_reasoning": 0, "tokens_response": 3, "elapsed_seconds": 0.24441266059875488, "judgement": "Good approximation"}
{"id": "tips_000387", "topic": "tips", "subtopic": "tips_service", "prompt": "Bill is $87.76; service fee 3% and tip 22%. About how much do you pay in total?", "exact_value": 110.28, "model": "qwen/qwen2.5-3b-instruct", "provider": "transformers", "response": "Final answer: 88", "numeric_answer": 88.0, "relative_error": 0.20203119332607908, "thinking_text": null, "has_tool_call": false, "tool_call": null, "usage": {"prompt_tokens": 171, "completion_tokens": 7, "total_tokens": 178, "token_count_source": "tokenizer"}, "decoding": {"temperature": 0.2, "top_p": null, "top_k": null, "max_tokens": 256, "seed": 42}, "prompt_tokens": 171, "completion_tokens": 7, "total_tokens": 178, "token_count_source": "tokenizer", "diffusion_steps": null, "flops_estimate": null, "flops_arch": null, "flops_model_params": null, "flops_active_params": null, "tokens_non_final": 3, "tokens_reasoning": 0, "tokens_response": 3, "elapsed_seconds": 0.24196457862854004, "judgement": "Mildly off"}
{"id": "tips_000407", "topic": "tips", "subtopic": "tips_service", "prompt": "Bill is $81.00; service fee 3% and tip 20%. About how much do you pay in total?", "exact_value": 100.12, "model": "qwen/qwen2.5-3b-instruct", "provider": "transformers", "response": "Final answer: 86", "numeric_answer": 86.0, "relative_error": 0.14103076308429888, "thinking_text": null, "has_tool_call": false, "tool_call": null, "usage": {"prompt_tokens": 171, "completion_tokens": 7, "total_tokens": 178, "token_count_source": "tokenizer"}, "decoding": {"temperature": 0.2, "top_p": null, "top_k": null, "max_tokens": 256, "seed": 42}, "prompt_tokens": 171, "completion_tokens": 7, "total_tokens": 178, "token_count_source": "tokenizer", "diffusion_steps": null, "flops_estimate": null, "flops_arch": null, "flops_model_params": null, "flops_active_params": null, "tokens_non_final": 3, "tokens_reasoning": 0, "tokens_response": 3, "elapsed_seconds": 0.2512397766113281, "judgement": "Good approximation"}
{"id": "tips_000427", "topic": "tips", "subtopic": "tips_service", "prompt": "Bill is $99.26; service fee 0% and tip 22%. About how much do you pay in total?", "exact_value": 121.1, "model": "qwen/qwen2.5-3b-instruct", "provider": "transformers", "response": "Final answer: 99.8", "numeric_answer": 99.8, "relative_error": 0.17588769611890998, "thinking_text": null, "has_tool_call": false, "tool_call": null, "usage": {"prompt_tokens": 171, "completion_tokens": 9, "total_tokens": 180, "token_count_source": "tokenizer"}, "decoding": {"temperature": 0.2, "top_p": null, "top_k": null, "max_tokens": 256, "seed": 42}, "prompt_tokens": 171, "completion_tokens": 9, "total_tokens": 180, "token_count_source": "tokenizer", "diffusion_steps": null, "flops_estimate": null, "flops_arch": null, "flops_model_params": null, "flops_active_params": null, "tokens_non_final": 3, "tokens_reasoning": 0, "tokens_response": 3, "elapsed_seconds": 0.30268120765686035, "judgement": "Good approximation"}
{"id": "tips_000447", "topic": "tips", "subtopic": "tips_service", "prompt": "Bill is $13.43; service fee 3% and tip 18%. About how much do you pay in total?", "exact_value": 16.32, "model": "qwen/qwen2.5-3b-instruct", "provider": "transformers", "response": "Final answer: 24", "numeric_answer": 24.0, "relative_error": 0.47058823529411764, "thinking_text": null, "has_tool_call": false, "tool_call": null, "usage": {"prompt_tokens": 171, "completion_tokens": 7, "total_tokens": 178, "token_count_source": "tokenizer"}, "decoding": {"temperature": 0.2, "top_p": null, "top_k": null, "max_tokens": 256, "seed": 42}, "prompt_tokens": 171, "completion_tokens": 7, "total_tokens": 178, "token_count_source": "tokenizer", "diffusion_steps": null, "flops_estimate": null, "flops_arch": null, "flops_model_params": null, "flops_active_params": null, "tokens_non_final": 3, "tokens_reasoning": 0, "tokens_response": 3, "elapsed_seconds": 0.24269461631774902, "judgement": "Mildly off"}
{"id": "tips_000467", "topic": "tips", "subtopic": "tips_service", "prompt": "Bill is $47.68; service fee 5% and tip 22%. About how much do you pay in total?", "exact_value": 61.08, "model": "qwen/qwen2.5-3b-instruct", "provider": "transformers", "response": "Final answer: 3", "numeric_answer": 3.0, "relative_error": 0.9508840864440079, "thinking_text": null, "has_tool_call": false, "tool_call": null, "usage": {"prompt_tokens": 171, "completion_tokens": 6, "total_tokens": 177, "token_count_source": "tokenizer"}, "decoding": {"temperature": 0.2, "top_p": null, "top_k": null, "max_tokens": 256, "seed": 42}, "prompt_tokens": 171, "completion_tokens": 6, "total_tokens": 177, "token_count_source": "tokenizer", "diffusion_steps": null, "flops_estimate": null, "flops_arch": null, "flops_model_params": null, "flops_active_params": null, "tokens_non_final": 3, "tokens_reasoning": 0, "tokens_response": 3, "elapsed_seconds": 0.22277426719665527, "judgement": "Way off"}
{"id": "tips_000487", "topic": "tips", "subtopic": "tips_service", "prompt": "Bill is $84.77; service fee 0% and tip 22%. About how much do you pay in total?", "exact_value": 103.42, "model": "qwen/qwen2.5-3b-instruct", "provider": "transformers", "response": "Final answer: 85", "numeric_answer": 85.0, "relative_error": 0.17810868304003097, "thinking_text": null, "has_tool_call": false, "tool_call": null, "usage": {"prompt_tokens": 171, "completion_tokens": 7, "total_tokens": 178, "token_count_source": "tokenizer"}, "decoding": {"temperature": 0.2, "top_p": null, "top_k": null, "max_tokens": 256, "seed": 42}, "prompt_tokens": 171, "completion_tokens": 7, "total_tokens": 178, "token_count_source": "tokenizer", "diffusion_steps": null, "flops_estimate": null, "flops_arch": null, "flops_model_params": null, "flops_active_params": null, "tokens_non_final": 3, "tokens_reasoning": 0, "tokens_response": 3, "elapsed_seconds": 0.23062825202941895, "judgement": "Good approximation"}
{"id": "tips_000507", "topic": "tips", "subtopic": "tips_service", "prompt": "Bill is $71.65; service fee 5% and tip 22%. About how much do you pay in total?", "exact_value": 91.78, "model": "qwen/qwen2.5-3b-instruct", "provider": "transformers", "response": "Final answer: 3", "numeric_answer": 3.0, "relative_error": 0.9673131401176727, "thinking_text": null, "has_tool_call": false, "tool_call": null, "usage": {"prompt_tokens": 171, "completion_tokens": 6, "total_tokens": 177, "token_count_source": "tokenizer"}, "decoding": {"temperature": 0.2, "top_p": null, "top_k": null, "max_tokens": 256, "seed": 42}, "prompt_tokens": 171, "completion_tokens": 6, "total_tokens": 177, "token_count_source": "tokenizer", "diffusion_steps": null, "flops_estimate": null, "flops_arch": null, "flops_model_params": null, "flops_active_params": null, "tokens_non_final": 3, "tokens_reasoning": 0, "tokens_response": 3, "elapsed_seconds": 0.21019244194030762, "judgement": "Way off"}
{"id": "tips_000527", "topic": "tips", "subtopic": "tips_service", "prompt": "Bill is $84.44; service fee 5% and tip 18%. About how much do you pay in total?", "exact_value": 104.62, "model": "qwen/qwen2.5-3b-instruct", "provider": "transformers", "response": "Final answer: 2", "numeric_answer": 2.0, "relative_error": 0.9808831963295737, "thinking_text": null, "has_tool_call": false, "tool_call": null, "usage": {"prompt_tokens": 171, "completion_tokens": 6, "total_tokens": 177, "token_count_source": "tokenizer"}, "decoding": {"temperature": 0.2, "top_p": null, "top_k": null, "max_tokens": 256, "seed": 42}, "prompt_tokens": 171, "completion_tokens": 6, "total_tokens": 177, "token_count_source": "tokenizer", "diffusion_steps": null, "flops_estimate": null, "flops_arch": null, "flops_model_params": null, "flops_active_params": null, "tokens_non_final": 3, "tokens_reasoning": 0, "tokens_response": 3, "elapsed_seconds": 0.21245193481445312, "judgement": "Way off"}
{"id": "tips_000547", "topic": "tips", "subtopic": "tips_service", "prompt": "Bill is $32.84; service fee 0% and tip 18%. About how much do you pay in total?", "exact_value": 38.75, "model": "qwen/qwen2.5-3b-instruct", "provider": "transformers", "response": "Final answer: 32.84", "numeric_answer": 32.84, "relative_error": 0.15251612903225797, "thinking_text": null, "has_tool_call": false, "tool_call": null, "usage": {"prompt_tokens": 171, "completion_tokens": 10, "total_tokens": 181, "token_count_source": "tokenizer"}, "decoding": {"temperature": 0.2, "top_p": null, "top_k": null, "max_tokens": 256, "seed": 42}, "prompt_tokens": 171, "completion_tokens": 10, "total_tokens": 181, "token_count_source": "tokenizer", "diffusion_steps": null, "flops_estimate": null, "flops_arch": null, "flops_model_params": null, "flops_active_params": null, "tokens_non_final": 3, "tokens_reasoning": 0, "tokens_response": 3, "elapsed_seconds": 0.3287932872772217, "judgement": "Good approximation"}
{"id": "tips_000567", "topic": "tips", "subtopic": "tips_service", "prompt": "Bill is $102.88; service fee 3% and tip 20%. About how much do you pay in total?", "exact_value": 127.16, "model": "qwen/qwen2.5-3b-instruct", "provider": "transformers", "response": "Final answer: 1020", "numeric_answer": 1020.0, "relative_error": 7.021390374331551, "thinking_text": null, "has_tool_call": false, "tool_call": null, "usage": {"prompt_tokens": 172, "completion_tokens": 9, "total_tokens": 181, "token_count_source": "tokenizer"}, "decoding": {"temperature": 0.2, "top_p": null, "top_k": null, "max_tokens": 256, "seed": 42}, "prompt_tokens": 172, "completion_tokens": 9, "total_tokens": 181, "token_count_source": "tokenizer", "diffusion_steps": null, "flops_estimate": null, "flops_arch": null, "flops_model_params": null, "flops_active_params": null, "tokens_non_final": 3, "tokens_reasoning": 0, "tokens_response": 3, "elapsed_seconds": 0.3126363754272461, "judgement": "Way off"}
{"id": "tips_000587", "topic": "tips", "subtopic": "tips_service", "prompt": "Bill is $100.09; service fee 0% and tip 18%. About how much do you pay in total?", "exact_value": 118.11, "model": "qwen/qwen2.5-3b-instruct", "provider": "transformers", "response": "Final answer: 25", "numeric_answer": 25.0, "relative_error": 0.7883329099991533, "thinking_text": null, "has_tool_call": false, "tool_call": null, "usage": {"prompt_tokens": 172, "completion_tokens": 7, "total_tokens": 179, "token_count_source": "tokenizer"}, "decoding": {"temperature": 0.2, "top_p": null, "top_k": null, "max_tokens": 256, "seed": 42}, "prompt_tokens": 172, "completion_tokens": 7, "total_tokens": 179, "token_count_source": "tokenizer", "diffusion_steps": null, "flops_estimate": null, "flops_arch": null, "flops_model_params": null, "flops_active_params": null, "tokens_non_final": 3, "tokens_reasoning": 0, "tokens_response": 3, "elapsed_seconds": 0.24000144004821777, "judgement": "Way off"}
{"id": "tips_000607", "topic": "tips", "subtopic": "tips_service", "prompt": "Bill is $35.03; service fee 0% and tip 18%. About how much do you pay in total?", "exact_value": 41.34, "model": "qwen/qwen2.5-3b-instruct", "provider": "transformers", "response": "Final answer: 35", "numeric_answer": 35.0, "relative_error": 0.1533623609095308, "thinking_text": null, "has_tool_call": false, "tool_call": null, "usage": {"prompt_tokens": 171, "completion_tokens": 7, "total_tokens": 178, "token_count_source": "tokenizer"}, "decoding": {"temperature": 0.2, "top_p": null, "top_k": null, "max_tokens": 256, "seed": 42}, "prompt_tokens": 171, "completion_tokens": 7, "total_tokens": 178, "token_count_source": "tokenizer", "diffusion_steps": null, "flops_estimate": null, "flops_arch": null, "flops_model_params": null, "flops_active_params": null, "tokens_non_final": 3, "tokens_reasoning": 0, "tokens_response": 3, "elapsed_seconds": 0.23462796211242676, "judgement": "Good approximation"}
{"id": "tips_000627", "topic": "tips", "subtopic": "tips_service", "prompt": "Bill is $17.92; service fee 0% and tip 20%. About how much do you pay in total?", "exact_value": 21.5, "model": "qwen/qwen2.5-3b-instruct", "provider": "transformers", "response": "Final answer: 3", "numeric_answer": 3.0, "relative_error": 0.8604651162790697, "thinking_text": null, "has_tool_call": false, "tool_call": null, "usage": {"prompt_tokens": 171, "completion_tokens": 6, "total_tokens": 177, "token_count_source": "tokenizer"}, "decoding": {"temperature": 0.2, "top_p": null, "top_k": null, "max_tokens": 256, "seed": 42}, "prompt_tokens": 171, "completion_tokens": 6, "total_tokens": 177, "token_count_source": "tokenizer", "diffusion_steps": null, "flops_estimate": null, "flops_arch": null, "flops_model_params": null, "flops_active_params": null, "tokens_non_final": 3, "tokens_reasoning": 0, "tokens_response": 3, "elapsed_seconds": 0.20960760116577148, "judgement": "Way off"}
{"id": "tips_000647", "topic": "tips", "subtopic": "tips_service", "prompt": "Bill is $72.20; service fee 0% and tip 18%. About how much do you pay in total?", "exact_value": 85.2, "model": "qwen/qwen2.5-3b-instruct", "provider": "transformers", "response": "Final answer: 72.4", "numeric_answer": 72.4, "relative_error": 0.1502347417840375, "thinking_text": null, "has_tool_call": false, "tool_call": null, "usage": {"prompt_tokens": 171, "completion_tokens": 9, "total_tokens": 180, "token_count_source": "tokenizer"}, "decoding": {"temperature": 0.2, "top_p": null, "top_k": null, "max_tokens": 256, "seed": 42}, "prompt_tokens": 171, "completion_tokens": 9, "total_tokens": 180, "token_count_source": "tokenizer", "diffusion_steps": null, "flops_estimate": null, "flops_arch": null, "flops_model_params": null, "flops_active_params": null, "tokens_non_final": 3, "tokens_reasoning": 0, "tokens_response": 3, "elapsed_seconds": 0.2959411144256592, "judgement": "Good approximation"}
{"id": "tips_000667", "topic": "tips", "subtopic": "tips_service", "prompt": "Bill is $28.54; service fee 5% and tip 15%. About how much do you pay in total?", "exact_value": 34.46, "model": "qwen/qwen2.5-3b-instruct", "provider": "transformers", "response": "Final answer: 3", "numeric_answer": 3.0, "relative_error": 0.9129425420777714, "thinking_text": null, "has_tool_call": false, "tool_call": null, "usage": {"prompt_tokens": 171, "completion_tokens": 6, "total_tokens": 177, "token_count_source": "tokenizer"}, "decoding": {"temperature": 0.2, "top_p": null, "top_k": null, "max_tokens": 256, "seed": 42}, "prompt_tokens": 171, "completion_tokens": 6, "total_tokens": 177, "token_count_source": "tokenizer", "diffusion_steps": null, "flops_estimate": null, "flops_arch": null, "flops_model_params": null, "flops_active_params": null, "tokens_non_final": 3, "tokens_reasoning": 0, "tokens_response": 3, "elapsed_seconds": 0.21379637718200684, "judgement": "Way off"}
{"id": "tips_000687", "topic": "tips", "subtopic": "tips_service", "prompt": "Bill is $24.54; service fee 0% and tip 20%. About how much do you pay in total?", "exact_value": 29.45, "model": "qwen/qwen2.5-3b-instruct", "provider": "transformers", "response": "Final answer: 3", "numeric_answer": 3.0, "relative_error": 0.8981324278438031, "thinking_text": null, "has_tool_call": false, "tool_call": null, "usage": {"prompt_tokens": 171, "completion_tokens": 6, "total_tokens": 177, "token_count_source": "tokenizer"}, "decoding": {"temperature": 0.2, "top_p": null, "top_k": null, "max_tokens": 256, "seed": 42}, "prompt_tokens": 171, "completion_tokens": 6, "total_tokens": 177, "token_count_source": "tokenizer", "diffusion_steps": null, "flops_estimate": null, "flops_arch": null, "flops_model_params": null, "flops_active_params": null, "tokens_non_final": 3, "tokens_reasoning": 0, "tokens_response": 3, "elapsed_seconds": 0.21389341354370117, "judgement": "Way off"}
{"id": "tips_000707", "topic": "tips", "subtopic": "tips_service", "prompt": "Bill is $115.78; service fee 0% and tip 15%. About how much do you pay in total?", "exact_value": 133.15, "model": "qwen/qwen2.5-3b-instruct", "provider": "transformers", "response": "Final answer: 16", "numeric_answer": 16.0, "relative_error": 0.8798347728126173, "thinking_text": null, "has_tool_call": false, "tool_call": null, "usage": {"prompt_tokens": 172, "completion_tokens": 7, "total_tokens": 179, "token_count_source": "tokenizer"}, "decoding": {"temperature": 0.2, "top_p": null, "top_k": null, "max_tokens": 256, "seed": 42}, "prompt_tokens": 172, "completion_tokens": 7, "total_tokens": 179, "token_count_source": "tokenizer", "diffusion_steps": null, "flops_estimate": null, "flops_arch": null, "flops_model_params": null, "flops_active_params": null, "tokens_non_final": 3, "tokens_reasoning": 0, "tokens_response": 3, "elapsed_seconds": 0.23292922973632812, "judgement": "Way off"}
{"id": "tips_000727", "topic": "tips", "subtopic": "tips_service", "prompt": "Bill is $100.10; service fee 0% and tip 18%. About how much do you pay in total?", "exact_value": 118.12, "model": "qwen/qwen2.5-3b-instruct", "provider": "transformers", "response": "Final answer: 25", "numeric_answer": 25.0, "relative_error": 0.7883508296647477, "thinking_text": null, "has_tool_call": false, "tool_call": null, "usage": {"prompt_tokens": 172, "completion_tokens": 7, "total_tokens": 179, "token_count_source": "tokenizer"}, "decoding": {"temperature": 0.2, "top_p": null, "top_k": null, "max_tokens": 256, "seed": 42}, "prompt_tokens": 172, "completion_tokens": 7, "total_tokens": 179, "token_count_source": "tokenizer", "diffusion_steps": null, "flops_estimate": null, "flops_arch": null, "flops_model_params": null, "flops_active_params": null, "tokens_non_final": 3, "tokens_reasoning": 0, "tokens_response": 3, "elapsed_seconds": 0.2460932731628418, "judgement": "Way off"}
{"id": "tips_000747", "topic": "tips", "subtopic": "tips_service", "prompt": "Bill is $119.18; service fee 0% and tip 15%. About how much do you pay in total?", "exact_value": 137.06, "model": "qwen/qwen2.5-3b-instruct", "provider": "transformers", "response": "Final answer: 20", "numeric_answer": 20.0, "relative_error": 0.854078505763899, "thinking_text": null, "has_tool_call": false, "tool_call": null, "usage": {"prompt_tokens": 172, "completion_tokens": 7, "total_tokens": 179, "token_count_source": "tokenizer"}, "decoding": {"temperature": 0.2, "top_p": null, "top_k": null, "max_tokens": 256, "seed": 42}, "prompt_tokens": 172, "completion_tokens": 7, "total_tokens": 179, "token_count_source": "tokenizer", "diffusion_steps": null, "flops_estimate": null, "flops_arch": null, "flops_model_params": null, "flops_active_params": null, "tokens_non_final": 3, "tokens_reasoning": 0, "tokens_response": 3, "elapsed_seconds": 0.24215221405029297, "judgement": "Way off"}
{"id": "tips_000767", "topic": "tips", "subtopic": "tips_service", "prompt": "Bill is $12.91; service fee 3% and tip 18%. About how much do you pay in total?", "exact_value": 15.69, "model": "qwen/qwen2.5-3b-instruct", "provider": "transformers", "response": "Final answer: 4", "numeric_answer": 4.0, "relative_error": 0.7450605481198216, "thinking_text": null, "has_tool_call": false, "tool_call": null, "usage": {"prompt_tokens": 171, "completion_tokens": 6, "total_tokens": 177, "token_count_source": "tokenizer"}, "decoding": {"temperature": 0.2, "top_p": null, "top_k": null, "max_tokens": 256, "seed": 42}, "prompt_tokens": 171, "completion_tokens": 6, "total_tokens": 177, "token_count_source": "tokenizer", "diffusion_steps": null, "flops_estimate": null, "flops_arch": null, "flops_model_params": null, "flops_active_params": null, "tokens_non_final": 3, "tokens_reasoning": 0, "tokens_response": 3, "elapsed_seconds": 0.20106840133666992, "judgement": "Way off"}
{"id": "tips_000787", "topic": "tips", "subtopic": "tips_service", "prompt": "Bill is $77.28; service fee 5% and tip 22%. About how much do you pay in total?", "exact_value": 99.0, "model": "qwen/qwen2.5-3b-instruct", "provider": "transformers", "response": "Final answer: 3", "numeric_answer": 3.0, "relative_error": 0.9696969696969697, "thinking_text": null, "has_tool_call": false, "tool_call": null, "usage": {"prompt_tokens": 171, "completion_tokens": 6, "total_tokens": 177, "token_count_source": "tokenizer"}, "decoding": {"temperature": 0.2, "top_p": null, "top_k": null, "max_tokens": 256, "seed": 42}, "prompt_tokens": 171, "completion_tokens": 6, "total_tokens": 177, "token_count_source": "tokenizer", "diffusion_steps": null, "flops_estimate": null, "flops_arch": null, "flops_model_params": null, "flops_active_params": null, "tokens_non_final": 3, "tokens_reasoning": 0, "tokens_response": 3, "elapsed_seconds": 0.21521902084350586, "judgement": "Way off"}
{"id": "tips_000807", "topic": "tips", "subtopic": "tips_service", "prompt": "Bill is $114.97; service fee 3% and tip 20%. About how much do you pay in total?", "exact_value": 142.1, "model": "qwen/qwen2.5-3b-instruct", "provider": "transformers", "response": "Final answer: 12", "numeric_answer": 12.0, "relative_error": 0.9155524278676987, "thinking_text": null, "has_tool_call": false, "tool_call": null, "usage": {"prompt_tokens": 172, "completion_tokens": 7, "total_tokens": 179, "token_count_source": "tokenizer"}, "decoding": {"temperature": 0.2, "top_p": null, "top_k": null, "max_tokens": 256, "seed": 42}, "prompt_tokens": 172, "completion_tokens": 7, "total_tokens": 179, "token_count_source": "tokenizer", "diffusion_steps": null, "flops_estimate": null, "flops_arch": null, "flops_model_params": null, "flops_active_params": null, "tokens_non_final": 3, "tokens_reasoning": 0, "tokens_response": 3, "elapsed_seconds": 0.2418808937072754, "judgement": "Way off"}
{"id": "tips_000827", "topic": "tips", "subtopic": "tips_service", "prompt": "Bill is $39.73; service fee 5% and tip 22%. About how much do you pay in total?", "exact_value": 50.89, "model": "qwen/qwen2.5-3b-instruct", "provider": "transformers", "response": "Final answer: 4", "numeric_answer": 4.0, "relative_error": 0.921399096089605, "thinking_text": null, "has_tool_call": false, "tool_call": null, "usage": {"prompt_tokens": 171, "completion_tokens": 6, "total_tokens": 177, "token_count_source": "tokenizer"}, "decoding": {"temperature": 0.2, "top_p": null, "top_k": null, "max_tokens": 256, "seed": 42}, "prompt_tokens": 171, "completion_tokens": 6, "total_tokens": 177, "token_count_source": "tokenizer", "diffusion_steps": null, "flops_estimate": null, "flops_arch": null, "flops_model_params": null, "flops_active_params": null, "tokens_non_final": 3, "tokens_reasoning": 0, "tokens_response": 3, "elapsed_seconds": 0.2082815170288086, "judgement": "Way off"}
{"id": "tips_000847", "topic": "tips", "subtopic": "tips_service", "prompt": "Bill is $108.02; service fee 3% and tip 20%. About how much do you pay in total?", "exact_value": 133.51, "model": "qwen/qwen2.5-3b-instruct", "provider": "transformers", "response": "Final answer: 109", "numeric_answer": 109.0, "relative_error": 0.18358175417571712, "thinking_text": null, "has_tool_call": false, "tool_call": null, "usage": {"prompt_tokens": 172, "completion_tokens": 8, "total_tokens": 180, "token_count_source": "tokenizer"}, "decoding": {"temperature": 0.2, "top_p": null, "top_k": null, "max_tokens": 256, "seed": 42}, "prompt_tokens": 172, "completion_tokens": 8, "total_tokens": 180, "token_count_source": "tokenizer", "diffusion_steps": null, "flops_estimate": null, "flops_arch": null, "flops_model_params": null, "flops_active_params": null, "tokens_non_final": 3, "tokens_reasoning": 0, "tokens_response": 3, "elapsed_seconds": 0.27852964401245117, "judgement": "Good approximation"}
{"id": "tips_000867", "topic": "tips", "subtopic": "tips_service", "prompt": "Bill is $93.22; service fee 3% and tip 22%. About how much do you pay in total?", "exact_value": 117.14, "model": "qwen/qwen2.5-3b-instruct", "provider": "transformers", "response": "Final answer: 93", "numeric_answer": 93.0, "relative_error": 0.20607819702919583, "thinking_text": null, "has_tool_call": false, "tool_call": null, "usage": {"prompt_tokens": 171, "completion_tokens": 7, "total_tokens": 178, "token_count_source": "tokenizer"}, "decoding": {"temperature": 0.2, "top_p": null, "top_k": null, "max_tokens": 256, "seed": 42}, "prompt_tokens": 171, "completion_tokens": 7, "total_tokens": 178, "token_count_source": "tokenizer", "diffusion_steps": null, "flops_estimate": null, "flops_arch": null, "flops_model_params": null, "flops_active_params": null, "tokens_non_final": 3, "tokens_reasoning": 0, "tokens_response": 3, "elapsed_seconds": 0.2371809482574463, "judgement": "Mildly off"}
{"id": "tips_000887", "topic": "tips", "subtopic": "tips_service", "prompt": "Bill is $41.32; service fee 0% and tip 18%. About how much do you pay in total?", "exact_value": 48.76, "model": "qwen/qwen2.5-3b-instruct", "provider": "transformers", "response": "Final answer: 41", "numeric_answer": 41.0, "relative_error": 0.15914684167350285, "thinking_text": null, "has_tool_call": false, "tool_call": null, "usage": {"prompt_tokens": 171, "completion_tokens": 7, "total_tokens": 178, "token_count_source": "tokenizer"}, "decoding": {"temperature": 0.2, "top_p": null, "top_k": null, "max_tokens": 256, "seed": 42}, "prompt_tokens": 171, "completion_tokens": 7, "total_tokens": 178, "token_count_source": "tokenizer", "diffusion_steps": null, "flops_estimate": null, "flops_arch": null, "flops_model_params": null, "flops_active_params": null, "tokens_non_final": 3, "tokens_reasoning": 0, "tokens_response": 3, "elapsed_seconds": 0.2430737018585205, "judgement": "Good approximation"}
{"id": "tips_000907", "topic": "tips", "subtopic": "tips_service", "prompt": "Bill is $65.03; service fee 3% and tip 22%. About how much do you pay in total?", "exact_value": 81.72, "model": "qwen/qwen2.5-3b-instruct", "provider": "transformers", "response": "Final answer: 6", "numeric_answer": 6.0, "relative_error": 0.9265785609397944, "thinking_text": null, "has_tool_call": false, "tool_call": null, "usage": {"prompt_tokens": 171, "completion_tokens": 6, "total_tokens": 177, "token_count_source": "tokenizer"}, "decoding": {"temperature": 0.2, "top_p": null, "top_k": null, "max_tokens": 256, "seed": 42}, "prompt_tokens": 171, "completion_tokens": 6, "total_tokens": 177, "token_count_source": "tokenizer", "diffusion_steps": null, "flops_estimate": null, "flops_arch": null, "flops_model_params": null, "flops_active_params": null, "tokens_non_final": 3, "tokens_reasoning": 0, "tokens_response": 3, "elapsed_seconds": 0.19913601875305176, "judgement": "Way off"}
{"id": "tips_000927", "topic": "tips", "subtopic": "tips_service", "prompt": "Bill is $78.22; service fee 5% and tip 15%. About how much do you pay in total?", "exact_value": 94.45, "model": "qwen/qwen2.5-3b-instruct", "provider": "transformers", "response": "Final answer: 3", "numeric_answer": 3.0, "relative_error": 0.9682371625198518, "thinking_text": null, "has_tool_call": false, "tool_call": null, "usage": {"prompt_tokens": 171, "completion_tokens": 6, "total_tokens": 177, "token_count_source": "tokenizer"}, "decoding": {"temperature": 0.2, "top_p": null, "top_k": null, "max_tokens": 256, "seed": 42}, "prompt_tokens": 171, "completion_tokens": 6, "total_tokens": 177, "token_count_source": "tokenizer", "diffusion_steps": null, "flops_estimate": null, "flops_arch": null, "flops_model_params": null, "flops_active_params": null, "tokens_non_final": 3, "tokens_reasoning": 0, "tokens_response": 3, "elapsed_seconds": 0.20860910415649414, "judgement": "Way off"}
{"id": "tips_000947", "topic": "tips", "subtopic": "tips_service", "prompt": "Bill is $97.36; service fee 3% and tip 15%. About how much do you pay in total?", "exact_value": 115.32, "model": "qwen/qwen2.5-3b-instruct", "provider": "transformers", "response": "Final answer: 98", "numeric_answer": 98.0, "relative_error": 0.1501907734998265, "thinking_text": null, "has_tool_call": false, "tool_call": null, "usage": {"prompt_tokens": 171, "completion_tokens": 7, "total_tokens": 178, "token_count_source": "tokenizer"}, "decoding": {"temperature": 0.2, "top_p": null, "top_k": null, "max_tokens": 256, "seed": 42}, "prompt_tokens": 171, "completion_tokens": 7, "total_tokens": 178, "token_count_source": "tokenizer", "diffusion_steps": null, "flops_estimate": null, "flops_arch": null, "flops_model_params": null, "flops_active_params": null, "tokens_non_final": 3, "tokens_reasoning": 0, "tokens_response": 3, "elapsed_seconds": 0.24954485893249512, "judgement": "Good approximation"}
{"id": "tips_000967", "topic": "tips", "subtopic": "tips_service", "prompt": "Bill is $13.97; service fee 3% and tip 15%. About how much do you pay in total?", "exact_value": 16.55, "model": "qwen/qwen2.5-3b-instruct", "provider": "transformers", "response": "Final answer: 24", "numeric_answer": 24.0, "relative_error": 0.4501510574018126, "thinking_text": null, "has_tool_call": false, "tool_call": null, "usage": {"prompt_tokens": 171, "completion_tokens": 7, "total_tokens": 178, "token_count_source": "tokenizer"}, "decoding": {"temperature": 0.2, "top_p": null, "top_k": null, "max_tokens": 256, "seed": 42}, "prompt_tokens": 171, "completion_tokens": 7, "total_tokens": 178, "token_count_source": "tokenizer", "diffusion_steps": null, "flops_estimate": null, "flops_arch": null, "flops_model_params": null, "flops_active_params": null, "tokens_non_final": 3, "tokens_reasoning": 0, "tokens_response": 3, "elapsed_seconds": 0.22648859024047852, "judgement": "Mildly off"}
{"id": "tips_000987", "topic": "tips", "subtopic": "tips_service", "prompt": "Bill is $60.94; service fee 5% and tip 18%. About how much do you pay in total?", "exact_value": 75.5, "model": "qwen/qwen2.5-3b-instruct", "provider": "transformers", "response": "Final answer: 3", "numeric_answer": 3.0, "relative_error": 0.9602649006622517, "thinking_text": null, "has_tool_call": false, "tool_call": null, "usage": {"prompt_tokens": 171, "completion_tokens": 6, "total_tokens": 177, "token_count_source": "tokenizer"}, "decoding": {"temperature": 0.2, "top_p": null, "top_k": null, "max_tokens": 256, "seed": 42}, "prompt_tokens": 171, "completion_tokens": 6, "total_tokens": 177, "token_count_source": "tokenizer", "diffusion_steps": null, "flops_estimate": null, "flops_arch": null, "flops_model_params": null, "flops_active_params": null, "tokens_non_final": 3, "tokens_reasoning": 0, "tokens_response": 3, "elapsed_seconds": 0.20894551277160645, "judgement": "Way off"}
{"id": "tips_001007", "topic": "tips", "subtopic": "tips_service", "prompt": "Bill is $101.70; service fee 3% and tip 18%. About how much do you pay in total?", "exact_value": 123.61, "model": "qwen/qwen2.5-3b-instruct", "provider": "transformers", "response": "Final answer: 20", "numeric_answer": 20.0, "relative_error": 0.8382007928161151, "thinking_text": null, "has_tool_call": false, "tool_call": null, "usage": {"prompt_tokens": 172, "completion_tokens": 7, "total_tokens": 179, "token_count_source": "tokenizer"}, "decoding": {"temperature": 0.2, "top_p": null, "top_k": null, "max_tokens": 256, "seed": 42}, "prompt_tokens": 172, "completion_tokens": 7, "total_tokens": 179, "token_count_source": "tokenizer", "diffusion_steps": null, "flops_estimate": null, "flops_arch": null, "flops_model_params": null, "flops_active_params": null, "tokens_non_final": 3, "tokens_reasoning": 0, "tokens_response": 3, "elapsed_seconds": 0.2394561767578125, "judgement": "Way off"}
{"id": "tips_001027", "topic": "tips", "subtopic": "tips_service", "prompt": "Bill is $71.23; service fee 0% and tip 20%. About how much do you pay in total?", "exact_value": 85.48, "model": "qwen/qwen2.5-3b-instruct", "provider": "transformers", "response": "Final answer: 72.3", "numeric_answer": 72.3, "relative_error": 0.15418811417875533, "thinking_text": null, "has_tool_call": false, "tool_call": null, "usage": {"prompt_tokens": 171, "completion_tokens": 9, "total_tokens": 180, "token_count_source": "tokenizer"}, "decoding": {"temperature": 0.2, "top_p": null, "top_k": null, "max_tokens": 256, "seed": 42}, "prompt_tokens": 171, "completion_tokens": 9, "total_tokens": 180, "token_count_source": "tokenizer", "diffusion_steps": null, "flops_estimate": null, "flops_arch": null, "flops_model_params": null, "flops_active_params": null, "tokens_non_final": 3, "tokens_reasoning": 0, "tokens_response": 3, "elapsed_seconds": 0.3053891658782959, "judgement": "Good approximation"}
{"id": "tips_001047", "topic": "tips", "subtopic": "tips_service", "prompt": "Bill is $56.40; service fee 5% and tip 15%. About how much do you pay in total?", "exact_value": 68.1, "model": "qwen/qwen2.5-3b-instruct", "provider": "transformers", "response": "Final answer: 3", "numeric_answer": 3.0, "relative_error": 0.9559471365638766, "thinking_text": null, "has_tool_call": false, "tool_call": null, "usage": {"prompt_tokens": 171, "completion_tokens": 6, "total_tokens": 177, "token_count_source": "tokenizer"}, "decoding": {"temperature": 0.2, "top_p": null, "top_k": null, "max_tokens": 256, "seed": 42}, "prompt_tokens": 171, "completion_tokens": 6, "total_tokens": 177, "token_count_source": "tokenizer", "diffusion_steps": null, "flops_estimate": null, "flops_arch": null, "flops_model_params": null, "flops_active_params": null, "tokens_non_final": 3, "tokens_reasoning": 0, "tokens_response": 3, "elapsed_seconds": 0.2087421417236328, "judgement": "Way off"}
{"id": "tips_001067", "topic": "tips", "subtopic": "tips_service", "prompt": "Bill is $110.45; service fee 5% and tip 20%. About how much do you pay in total?", "exact_value": 139.17, "model": "qwen/qwen2.5-3b-instruct", "provider": "transformers", "response": "Final answer: 10.5", "numeric_answer": 10.5, "relative_error": 0.9245527053244234, "thinking_text": null, "has_tool_call": false, "tool_call": null, "usage": {"prompt_tokens": 172, "completion_tokens": 9, "total_tokens": 181, "token_count_source": "tokenizer"}, "decoding": {"temperature": 0.2, "top_p": null, "top_k": null, "max_tokens": 256, "seed": 42}, "prompt_tokens": 172, "completion_tokens": 9, "total_tokens": 181, "token_count_source": "tokenizer", "diffusion_steps": null, "flops_estimate": null, "flops_arch": null, "flops_model_params": null, "flops_active_params": null, "tokens_non_final": 3, "tokens_reasoning": 0, "tokens_response": 3, "elapsed_seconds": 0.30439043045043945, "judgement": "Way off"}
{"id": "tips_001087", "topic": "tips", "subtopic": "tips_service", "prompt": "Bill is $32.83; service fee 0% and tip 15%. About how much do you pay in total?", "exact_value": 37.75, "model": "qwen/qwen2.5-3b-instruct", "provider": "transformers", "response": "Final answer: 32", "numeric_answer": 32.0, "relative_error": 0.152317880794702, "thinking_text": null, "has_tool_call": false, "tool_call": null, "usage": {"prompt_tokens": 171, "completion_tokens": 7, "total_tokens": 178, "token_count_source": "tokenizer"}, "decoding": {"temperature": 0.2, "top_p": null, "top_k": null, "max_tokens": 256, "seed": 42}, "prompt_tokens": 171, "completion_tokens": 7, "total_tokens": 178, "token_count_source": "tokenizer", "diffusion_steps": null, "flops_estimate": null, "flops_arch": null, "flops_model_params": null, "flops_active_params": null, "tokens_non_final": 3, "tokens_reasoning": 0, "tokens_response": 3, "elapsed_seconds": 0.24509716033935547, "judgement": "Good approximation"}
{"id": "tips_001107", "topic": "tips", "subtopic": "tips_service", "prompt": "Bill is $52.28; service fee 3% and tip 15%. About how much do you pay in total?", "exact_value": 61.93, "model": "qwen/qwen2.5-3b-instruct", "provider": "transformers", "response": "Final answer: 52", "numeric_answer": 52.0, "relative_error": 0.16034232197642498, "thinking_text": null, "has_tool_call": false, "tool_call": null, "usage": {"prompt_tokens": 171, "completion_tokens": 7, "total_tokens": 178, "token_count_source": "tokenizer"}, "decoding": {"temperature": 0.2, "top_p": null, "top_k": null, "max_tokens": 256, "seed": 42}, "prompt_tokens": 171, "completion_tokens": 7, "total_tokens": 178, "token_count_source": "tokenizer", "diffusion_steps": null, "flops_estimate": null, "flops_arch": null, "flops_model_params": null, "flops_active_params": null, "tokens_non_final": 3, "tokens_reasoning": 0, "tokens_response": 3, "elapsed_seconds": 0.23366165161132812, "judgement": "Good approximation"}
{"id": "tips_001127", "topic": "tips", "subtopic": "tips_service", "prompt": "Bill is $24.64; service fee 0% and tip 20%. About how much do you pay in total?", "exact_value": 29.57, "model": "qwen/qwen2.5-3b-instruct", "provider": "transformers", "response": "Final answer: 24", "numeric_answer": 24.0, "relative_error": 0.18836658775786272, "thinking_text": null, "has_tool_call": false, "tool_call": null, "usage": {"prompt_tokens": 171, "completion_tokens": 7, "total_tokens": 178, "token_count_source": "tokenizer"}, "decoding": {"temperature": 0.2, "top_p": null, "top_k": null, "max_tokens": 256, "seed": 42}, "prompt_tokens": 171, "completion_tokens": 7, "total_tokens": 178, "token_count_source": "tokenizer", "diffusion_steps": null, "flops_estimate": null, "flops_arch": null, "flops_model_params": null, "flops_active_params": null, "tokens_non_final": 3, "tokens_reasoning": 0, "tokens_response": 3, "elapsed_seconds": 0.23336505889892578, "judgement": "Good approximation"}
{"id": "tips_001147", "topic": "tips", "subtopic": "tips_service", "prompt": "Bill is $56.58; service fee 0% and tip 22%. About how much do you pay in total?", "exact_value": 69.03, "model": "qwen/qwen2.5-3b-instruct", "provider": "transformers", "response": "Final answer: 3", "numeric_answer": 3.0, "relative_error": 0.9565406345067362, "thinking_text": null, "has_tool_call": false, "tool_call": null, "usage": {"prompt_tokens": 171, "completion_tokens": 6, "total_tokens": 177, "token_count_source": "tokenizer"}, "decoding": {"temperature": 0.2, "top_p": null, "top_k": null, "max_tokens": 256, "seed": 42}, "prompt_tokens": 171, "completion_tokens": 6, "total_tokens": 177, "token_count_source": "tokenizer", "diffusion_steps": null, "flops_estimate": null, "flops_arch": null, "flops_model_params": null, "flops_active_params": null, "tokens_non_final": 3, "tokens_reasoning": 0, "tokens_response": 3, "elapsed_seconds": 0.21842169761657715, "judgement": "Way off"}
{"id": "tips_001167", "topic": "tips", "subtopic": "tips_service", "prompt": "Bill is $37.99; service fee 5% and tip 18%. About how much do you pay in total?", "exact_value": 47.07, "model": "qwen/qwen2.5-3b-instruct", "provider": "transformers", "response": "Final answer: 4", "numeric_answer": 4.0, "relative_error": 0.9150201827066072, "thinking_text": null, "has_tool_call": false, "tool_call": null, "usage": {"prompt_tokens": 171, "completion_tokens": 6, "total_tokens": 177, "token_count_source": "tokenizer"}, "decoding": {"temperature": 0.2, "top_p": null, "top_k": null, "max_tokens": 256, "seed": 42}, "prompt_tokens": 171, "completion_tokens": 6, "total_tokens": 177, "token_count_source": "tokenizer", "diffusion_steps": null, "flops_estimate": null, "flops_arch": null, "flops_model_params": null, "flops_active_params": null, "tokens_non_final": 3, "tokens_reasoning": 0, "tokens_response": 3, "elapsed_seconds": 0.2028646469116211, "judgement": "Way off"}
{"id": "tips_001187", "topic": "tips", "subtopic": "tips_service", "prompt": "Bill is $68.55; service fee 0% and tip 22%. About how much do you pay in total?", "exact_value": 83.63, "model": "qwen/qwen2.5-3b-instruct", "provider": "transformers", "response": "Final answer: 3", "numeric_answer": 3.0, "relative_error": 0.9641277053688868, "thinking_text": null, "has_tool_call": false, "tool_call": null, "usage": {"prompt_tokens": 171, "completion_tokens": 6, "total_tokens": 177, "token_count_source": "tokenizer"}, "decoding": {"temperature": 0.2, "top_p": null, "top_k": null, "max_tokens": 256, "seed": 42}, "prompt_tokens": 171, "completion_tokens": 6, "total_tokens": 177, "token_count_source": "tokenizer", "diffusion_steps": null, "flops_estimate": null, "flops_arch": null, "flops_model_params": null, "flops_active_params": null, "tokens_non_final": 3, "tokens_reasoning": 0, "tokens_response": 3, "elapsed_seconds": 0.20846176147460938, "judgement": "Way off"}
{"id": "tips_001207", "topic": "tips", "subtopic": "tips_service", "prompt": "Bill is $73.94; service fee 5% and tip 20%. About how much do you pay in total?", "exact_value": 93.16, "model": "qwen/qwen2.5-3b-instruct", "provider": "transformers", "response": "Final answer: 8", "numeric_answer": 8.0, "relative_error": 0.91412623443538, "thinking_text": null, "has_tool_call": false, "tool_call": null, "usage": {"prompt_tokens": 171, "completion_tokens": 6, "total_tokens": 177, "token_count_source": "tokenizer"}, "decoding": {"temperature": 0.2, "top_p": null, "top_k": null, "max_tokens": 256, "seed": 42}, "prompt_tokens": 171, "completion_tokens": 6, "total_tokens": 177, "token_count_source": "tokenizer", "diffusion_steps": null, "flops_estimate": null, "flops_arch": null, "flops_model_params": null, "flops_active_params": null, "tokens_non_final": 3, "tokens_reasoning": 0, "tokens_response": 3, "elapsed_seconds": 0.2092897891998291, "judgement": "Way off"}
{"id": "tips_001227", "topic": "tips", "subtopic": "tips_service", "prompt": "Bill is $89.16; service fee 0% and tip 20%. About how much do you pay in total?", "exact_value": 106.99, "model": "qwen/qwen2.5-3b-instruct", "provider": "transformers", "response": "Final answer: 89", "numeric_answer": 89.0, "relative_error": 0.16814655575287407, "thinking_text": null, "has_tool_call": false, "tool_call": null, "usage": {"prompt_tokens": 171, "completion_tokens": 7, "total_tokens": 178, "token_count_source": "tokenizer"}, "decoding": {"temperature": 0.2, "top_p": null, "top_k": null, "max_tokens": 256, "seed": 42}, "prompt_tokens": 171, "completion_tokens": 7, "total_tokens": 178, "token_count_source": "tokenizer", "diffusion_steps": null, "flops_estimate": null, "flops_arch": null, "flops_model_params": null, "flops_active_params": null, "tokens_non_final": 3, "tokens_reasoning": 0, "tokens_response": 3, "elapsed_seconds": 0.25155067443847656, "judgement": "Good approximation"}
{"id": "tips_001247", "topic": "tips", "subtopic": "tips_service", "prompt": "Bill is $77.57; service fee 0% and tip 22%. About how much do you pay in total?", "exact_value": 94.64, "model": "qwen/qwen2.5-3b-instruct", "provider": "transformers", "response": "Final answer: 87.57", "numeric_answer": 87.57, "relative_error": 0.0747041420118344, "thinking_text": null, "has_tool_call": false, "tool_call": null, "usage": {"prompt_tokens": 171, "completion_tokens": 10, "total_tokens": 181, "token_count_source": "tokenizer"}, "decoding": {"temperature": 0.2, "top_p": null, "top_k": null, "max_tokens": 256, "seed": 42}, "prompt_tokens": 171, "completion_tokens": 10, "total_tokens": 181, "token_count_source": "tokenizer", "diffusion_steps": null, "flops_estimate": null, "flops_arch": null, "flops_model_params": null, "flops_active_params": null, "tokens_non_final": 3, "tokens_reasoning": 0, "tokens_response": 3, "elapsed_seconds": 0.34691858291625977, "judgement": "Good approximation"}
{"id": "tips_001267", "topic": "tips", "subtopic": "tips_service", "prompt": "Bill is $17.65; service fee 0% and tip 15%. About how much do you pay in total?", "exact_value": 20.3, "model": "qwen/qwen2.5-3b-instruct", "provider": "transformers", "response": "Final answer: 28", "numeric_answer": 28.0, "relative_error": 0.37931034482758613, "thinking_text": null, "has_tool_call": false, "tool_call": null, "usage": {"prompt_tokens": 171, "completion_tokens": 7, "total_tokens": 178, "token_count_source": "tokenizer"}, "decoding": {"temperature": 0.2, "top_p": null, "top_k": null, "max_tokens": 256, "seed": 42}, "prompt_tokens": 171, "completion_tokens": 7, "total_tokens": 178, "token_count_source": "tokenizer", "diffusion_steps": null, "flops_estimate": null, "flops_arch": null, "flops_model_params": null, "flops_active_params": null, "tokens_non_final": 3, "tokens_reasoning": 0, "tokens_response": 3, "elapsed_seconds": 0.238234281539917, "judgement": "Mildly off"}
{"id": "tips_001287", "topic": "tips", "subtopic": "tips_service", "prompt": "Bill is $107.76; service fee 5% and tip 15%. About how much do you pay in total?", "exact_value": 130.12, "model": "qwen/qwen2.5-3b-instruct", "provider": "transformers", "response": "Final answer: 208", "numeric_answer": 208.0, "relative_error": 0.5985244389794036, "thinking_text": null, "has_tool_call": false, "tool_call": null, "usage": {"prompt_tokens": 172, "completion_tokens": 8, "total_tokens": 180, "token_count_source": "tokenizer"}, "decoding": {"temperature": 0.2, "top_p": null, "top_k": null, "max_tokens": 256, "seed": 42}, "prompt_tokens": 172, "completion_tokens": 8, "total_tokens": 180, "token_count_source": "tokenizer", "diffusion_steps": null, "flops_estimate": null, "flops_arch": null, "flops_model_params": null, "flops_active_params": null, "tokens_non_final": 3, "tokens_reasoning": 0, "tokens_response": 3, "elapsed_seconds": 0.27559518814086914, "judgement": "Mildly off"}
{"id": "tips_001307", "topic": "tips", "subtopic": "tips_service", "prompt": "Bill is $49.18; service fee 0% and tip 20%. About how much do you pay in total?", "exact_value": 59.02, "model": "qwen/qwen2.5-3b-instruct", "provider": "transformers", "response": "Final answer: 49", "numeric_answer": 49.0, "relative_error": 0.16977295831921388, "thinking_text": null, "has_tool_call": false, "tool_call": null, "usage": {"prompt_tokens": 171, "completion_tokens": 7, "total_tokens": 178, "token_count_source": "tokenizer"}, "decoding": {"temperature": 0.2, "top_p": null, "top_k": null, "max_tokens": 256, "seed": 42}, "prompt_tokens": 171, "completion_tokens": 7, "total_tokens": 178, "token_count_source": "tokenizer", "diffusion_steps": null, "flops_estimate": null, "flops_arch": null, "flops_model_params": null, "flops_active_params": null, "tokens_non_final": 3, "tokens_reasoning": 0, "tokens_response": 3, "elapsed_seconds": 0.24416542053222656, "judgement": "Good approximation"}
{"id": "tips_001327", "topic": "tips", "subtopic": "tips_service", "prompt": "Bill is $43.49; service fee 5% and tip 18%. About how much do you pay in total?", "exact_value": 53.88, "model": "qwen/qwen2.5-3b-instruct", "provider": "transformers", "response": "Final answer: 434", "numeric_answer": 434.0, "relative_error": 7.05493689680772, "thinking_text": null, "has_tool_call": false, "tool_call": null, "usage": {"prompt_tokens": 171, "completion_tokens": 8, "total_tokens": 179, "token_count_source": "tokenizer"}, "decoding": {"temperature": 0.2, "top_p": null, "top_k": null, "max_tokens": 256, "seed": 42}, "prompt_tokens": 171, "completion_tokens": 8, "total_tokens": 179, "token_count_source": "tokenizer", "diffusion_steps": null, "flops_estimate": null, "flops_arch": null, "flops_model_params": null, "flops_active_params": null, "tokens_non_final": 3, "tokens_reasoning": 0, "tokens_response": 3, "elapsed_seconds": 0.26705098152160645, "judgement": "Way off"}
{"id": "fermi_000103", "topic": "fermi", "subtopic": "crowd_density", "prompt": "A plaza is about 70 m by 20 m, with roughly 4 people per square meter. About how many people are there?", "exact_value": 5600, "model": "qwen/qwen2.5-3b-instruct", "provider": "transformers", "response": "Final answer: 80", "numeric_answer": 80.0, "relative_error": 0.9857142857142858, "thinking_text": null, "has_tool_call": false, "tool_call": null, "usage": {"prompt_tokens": 172, "completion_tokens": 7, "total_tokens": 179, "token_count_source": "tokenizer"}, "decoding": {"temperature": 0.2, "top_p": null, "top_k": null, "max_tokens": 256, "seed": 42}, "prompt_tokens": 172, "completion_tokens": 7, "total_tokens": 179, "token_count_source": "tokenizer", "diffusion_steps": null, "flops_estimate": null, "flops_arch": null, "flops_model_params": null, "flops_active_params": null, "tokens_non_final": 3, "tokens_reasoning": 0, "tokens_response": 3, "elapsed_seconds": 0.2507328987121582, "judgement": "Way off"}
{"id": "fermi_000123", "topic": "fermi", "subtopic": "crowd_density", "prompt": "A plaza is about 70 m by 35 m, with roughly 4 people per square meter. About how many people are there?", "exact_value": 9800, "model": "qwen/qwen2.5-3b-instruct", "provider": "transformers", "response": "Final answer: 8", "numeric_answer": 8.0, "relative_error": 0.9991836734693877, "thinking_text": null, "has_tool_call": false, "tool_call": null, "usage": {"prompt_tokens": 172, "completion_tokens": 6, "total_tokens": 178, "token_count_source": "tokenizer"}, "decoding": {"temperature": 0.2, "top_p": null, "top_k": null, "max_tokens": 256, "seed": 42}, "prompt_tokens": 172, "completion_tokens": 6, "total_tokens": 178, "token_count_source": "tokenizer", "diffusion_steps": null, "flops_estimate": null, "flops_arch": null, "flops_model_params": null, "flops_active_params": null, "tokens_non_final": 3, "tokens_reasoning": 0, "tokens_response": 3, "elapsed_seconds": 0.20371770858764648, "judgement": "Way off"}
{"id": "fermi_000143", "topic": "fermi", "subtopic": "crowd_density", "prompt": "A plaza is about 30 m by 20 m, with roughly 1 people per square meter. About how many people are there?", "exact_value": 600, "model": "qwen/qwen2.5-3b-instruct", "provider": "transformers", "response": "Final answer: 50", "numeric_answer": 50.0, "relative_error": 0.9166666666666666, "thinking_text": null, "has_tool_call": false, "tool_call": null, "usage": {"prompt_tokens": 172, "completion_tokens": 7, "total_tokens": 179, "token_count_source": "tokenizer"}, "decoding": {"temperature": 0.2, "top_p": null, "top_k": null, "max_tokens": 256, "seed": 42}, "prompt_tokens": 172, "completion_tokens": 7, "total_tokens": 179, "token_count_source": "tokenizer", "diffusion_steps": null, "flops_estimate": null, "flops_arch": null, "flops_model_params": null, "flops_active_params": null, "tokens_non_final": 3, "tokens_reasoning": 0, "tokens_response": 3, "elapsed_seconds": 0.23794150352478027, "judgement": "Way off"}
{"id": "fermi_000163", "topic": "fermi", "subtopic": "crowd_density", "prompt": "A plaza is about 70 m by 35 m, with roughly 3 people per square meter. About how many people are there?", "exact_value": 7350, "model": "qwen/qwen2.5-3b-instruct", "provider": "transformers", "response": "Final answer: 20", "numeric_answer": 20.0, "relative_error": 0.9972789115646259, "thinking_text": null, "has_tool_call": false, "tool_call": null, "usage": {"prompt_tokens": 172, "completion_tokens": 7, "total_tokens": 179, "token_count_source": "tokenizer"}, "decoding": {"temperature": 0.2, "top_p": null, "top_k": null, "max_tokens": 256, "seed": 42}, "prompt_tokens": 172, "completion_tokens": 7, "total_tokens": 179, "token_count_source": "tokenizer", "diffusion_steps": null, "flops_estimate": null, "flops_arch": null, "flops_model_params": null, "flops_active_params": null, "tokens_non_final": 3, "tokens_reasoning": 0, "tokens_response": 3, "elapsed_seconds": 0.2503809928894043, "judgement": "Way off"}
{"id": "fermi_000183", "topic": "fermi", "subtopic": "crowd_density", "prompt": "A plaza is about 40 m by 35 m, with roughly 3 people per square meter. About how many people are there?", "exact_value": 4200, "model": "qwen/qwen2.5-3b-instruct", "provider": "transformers", "response": "Final answer: 20", "numeric_answer": 20.0, "relative_error": 0.9952380952380953, "thinking_text": null, "has_tool_call": false, "tool_call": null, "usage": {"prompt_tokens": 172, "completion_tokens": 7, "total_tokens": 179, "token_count_source": "tokenizer"}, "decoding": {"temperature": 0.2, "top_p": null, "top_k": null, "max_tokens": 256, "seed": 42}, "prompt_tokens": 172, "completion_tokens": 7, "total_tokens": 179, "token_count_source": "tokenizer", "diffusion_steps": null, "flops_estimate": null, "flops_arch": null, "flops_model_params": null, "flops_active_params": null, "tokens_non_final": 3, "tokens_reasoning": 0, "tokens_response": 3, "elapsed_seconds": 0.23468685150146484, "judgement": "Way off"}
{"id": "fermi_000203", "topic": "fermi", "subtopic": "crowd_density", "prompt": "A plaza is about 50 m by 20 m, with roughly 4 people per square meter. About how many people are there?", "exact_value": 4000, "model": "qwen/qwen2.5-3b-instruct", "provider": "transformers", "response": "Final answer: 5", "numeric_answer": 5.0, "relative_error": 0.99875, "thinking_text": null, "has_tool_call": false, "tool_call": null, "usage": {"prompt_tokens": 172, "completion_tokens": 6, "total_tokens": 178, "token_count_source": "tokenizer"}, "decoding": {"temperature": 0.2, "top_p": null, "top_k": null, "max_tokens": 256, "seed": 42}, "prompt_tokens": 172, "completion_tokens": 6, "total_tokens": 178, "token_count_source": "tokenizer", "diffusion_steps": null, "flops_estimate": null, "flops_arch": null, "flops_model_params": null, "flops_active_params": null, "tokens_non_final": 3, "tokens_reasoning": 0, "tokens_response": 3, "elapsed_seconds": 0.21115708351135254, "judgement": "Way off"}
{"id": "fermi_000223", "topic": "fermi", "subtopic": "crowd_density", "prompt": "A plaza is about 40 m by 20 m, with roughly 1 people per square meter. About how many people are there?", "exact_value": 800, "model": "qwen/qwen2.5-3b-instruct", "provider": "transformers", "response": "Final answer: 50", "numeric_answer": 50.0, "relative_error": 0.9375, "thinking_text": null, "has_tool_call": false, "tool_call": null, "usage": {"prompt_tokens": 172, "completion_tokens": 7, "total_tokens": 179, "token_count_source": "tokenizer"}, "decoding": {"temperature": 0.2, "top_p": null, "top_k": null, "max_tokens": 256, "seed": 42}, "prompt_tokens": 172, "completion_tokens": 7, "total_tokens": 179, "token_count_source": "tokenizer", "diffusion_steps": null, "flops_estimate": null, "flops_arch": null, "flops_model_params": null, "flops_active_params": null, "tokens_non_final": 3, "tokens_reasoning": 0, "tokens_response": 3, "elapsed_seconds": 0.2388172149658203, "judgement": "Way off"}
{"id": "fermi_000243", "topic": "fermi", "subtopic": "crowd_density", "prompt": "A plaza is about 50 m by 35 m, with roughly 1 people per square meter. About how many people are there?", "exact_value": 1750, "model": "qwen/qwen2.5-3b-instruct", "provider": "transformers", "response": "Final answer: 5", "numeric_answer": 5.0, "relative_error": 0.9971428571428571, "thinking_text": null, "has_tool_call": false, "tool_call": null, "usage": {"prompt_tokens": 172, "completion_tokens": 6, "total_tokens": 178, "token_count_source": "tokenizer"}, "decoding": {"temperature": 0.2, "top_p": null, "top_k": null, "max_tokens": 256, "seed": 42}, "prompt_tokens": 172, "completion_tokens": 6, "total_tokens": 178, "token_count_source": "tokenizer", "diffusion_steps": null, "flops_estimate": null, "flops_arch": null, "flops_model_params": null, "flops_active_params": null, "tokens_non_final": 3, "tokens_reasoning": 0, "tokens_response": 3, "elapsed_seconds": 0.19904589653015137, "judgement": "Way off"}
{"id": "fermi_000263", "topic": "fermi", "subtopic": "crowd_density", "prompt": "A plaza is about 40 m by 30 m, with roughly 1 people per square meter. About how many people are there?", "exact_value": 1200, "model": "qwen/qwen2.5-3b-instruct", "provider": "transformers", "response": "Final answer: 50", "numeric_answer": 50.0, "relative_error": 0.9583333333333334, "thinking_text": null, "has_tool_call": false, "tool_call": null, "usage": {"prompt_tokens": 172, "completion_tokens": 7, "total_tokens": 179, "token_count_source": "tokenizer"}, "decoding": {"temperature": 0.2, "top_p": null, "top_k": null, "max_tokens": 256, "seed": 42}, "prompt_tokens": 172, "completion_tokens": 7, "total_tokens": 179, "token_count_source": "tokenizer", "diffusion_steps": null, "flops_estimate": null, "flops_arch": null, "flops_model_params": null, "flops_active_params": null, "tokens_non_final": 3, "tokens_reasoning": 0, "tokens_response": 3, "elapsed_seconds": 0.2390577793121338, "judgement": "Way off"}
{"id": "fermi_000283", "topic": "fermi", "subtopic": "crowd_density", "prompt": "A plaza is about 40 m by 20 m, with roughly 1 people per square meter. About how many people are there?", "exact_value": 800, "model": "qwen/qwen2.5-3b-instruct", "provider": "transformers", "response": "Final answer: 5", "numeric_answer": 5.0, "relative_error": 0.99375, "thinking_text": null, "has_tool_call": false, "tool_call": null, "usage": {"prompt_tokens": 172, "completion_tokens": 6, "total_tokens": 178, "token_count_source": "tokenizer"}, "decoding": {"temperature": 0.2, "top_p": null, "top_k": null, "max_tokens": 256, "seed": 42}, "prompt_tokens": 172, "completion_tokens": 6, "total_tokens": 178, "token_count_source": "tokenizer", "diffusion_steps": null, "flops_estimate": null, "flops_arch": null, "flops_model_params": null, "flops_active_params": null, "tokens_non_final": 3, "tokens_reasoning": 0, "tokens_response": 3, "elapsed_seconds": 0.21881771087646484, "judgement": "Way off"}
{"id": "fermi_000303", "topic": "fermi", "subtopic": "crowd_density", "prompt": "A plaza is about 70 m by 25 m, with roughly 3 people per square meter. About how many people are there?", "exact_value": 5250, "model": "qwen/qwen2.5-3b-instruct", "provider": "transformers", "response": "Final answer: 5", "numeric_answer": 5.0, "relative_error": 0.9990476190476191, "thinking_text": null, "has_tool_call": false, "tool_call": null, "usage": {"prompt_tokens": 172, "completion_tokens": 6, "total_tokens": 178, "token_count_source": "tokenizer"}, "decoding": {"temperature": 0.2, "top_p": null, "top_k": null, "max_tokens": 256, "seed": 42}, "prompt_tokens": 172, "completion_tokens": 6, "total_tokens": 178, "token_count_source": "tokenizer", "diffusion_steps": null, "flops_estimate": null, "flops_arch": null, "flops_model_params": null, "flops_active_params": null, "tokens_non_final": 3, "tokens_reasoning": 0, "tokens_response": 3, "elapsed_seconds": 0.19977092742919922, "judgement": "Way off"}
{"id": "fermi_000323", "topic": "fermi", "subtopic": "crowd_density", "prompt": "A plaza is about 70 m by 20 m, with roughly 3 people per square meter. About how many people are there?", "exact_value": 4200, "model": "qwen/qwen2.5-3b-instruct", "provider": "transformers", "response": "Final answer: 5", "numeric_answer": 5.0, "relative_error": 0.9988095238095238, "thinking_text": null, "has_tool_call": false, "tool_call": null, "usage": {"prompt_tokens": 172, "completion_tokens": 6, "total_tokens": 178, "token_count_source": "tokenizer"}, "decoding": {"temperature": 0.2, "top_p": null, "top_k": null, "max_tokens": 256, "seed": 42}, "prompt_tokens": 172, "completion_tokens": 6, "total_tokens": 178, "token_count_source": "tokenizer", "diffusion_steps": null, "flops_estimate": null, "flops_arch": null, "flops_model_params": null, "flops_active_params": null, "tokens_non_final": 3, "tokens_reasoning": 0, "tokens_response": 3, "elapsed_seconds": 0.21204090118408203, "judgement": "Way off"}
{"id": "fermi_000343", "topic": "fermi", "subtopic": "crowd_density", "prompt": "A plaza is about 60 m by 30 m, with roughly 4 people per square meter. About how many people are there?", "exact_value": 7200, "model": "qwen/qwen2.5-3b-instruct", "provider": "transformers", "response": "Final answer: 80", "numeric_answer": 80.0, "relative_error": 0.9888888888888889, "thinking_text": null, "has_tool_call": false, "tool_call": null, "usage": {"prompt_tokens": 172, "completion_tokens": 7, "total_tokens": 179, "token_count_source": "tokenizer"}, "decoding": {"temperature": 0.2, "top_p": null, "top_k": null, "max_tokens": 256, "seed": 42}, "prompt_tokens": 172, "completion_tokens": 7, "total_tokens": 179, "token_count_source": "tokenizer", "diffusion_steps": null, "flops_estimate": null, "flops_arch": null, "flops_model_params": null, "flops_active_params": null, "tokens_non_final": 3, "tokens_reasoning": 0, "tokens_response": 3, "elapsed_seconds": 0.24345684051513672, "judgement": "Way off"}
{"id": "fermi_000363", "topic": "fermi", "subtopic": "crowd_density", "prompt": "A plaza is about 70 m by 20 m, with roughly 1 people per square meter. About how many people are there?", "exact_value": 1400, "model": "qwen/qwen2.5-3b-instruct", "provider": "transformers", "response": "Final answer: 50", "numeric_answer": 50.0, "relative_error": 0.9642857142857143, "thinking_text": null, "has_tool_call": false, "tool_call": null, "usage": {"prompt_tokens": 172, "completion_tokens": 7, "total_tokens": 179, "token_count_source": "tokenizer"}, "decoding": {"temperature": 0.2, "top_p": null, "top_k": null, "max_tokens": 256, "seed": 42}, "prompt_tokens": 172, "completion_tokens": 7, "total_tokens": 179, "token_count_source": "tokenizer", "diffusion_steps": null, "flops_estimate": null, "flops_arch": null, "flops_model_params": null, "flops_active_params": null, "tokens_non_final": 3, "tokens_reasoning": 0, "tokens_response": 3, "elapsed_seconds": 0.22850465774536133, "judgement": "Way off"}
{"id": "fermi_000383", "topic": "fermi", "subtopic": "crowd_density", "prompt": "A plaza is about 30 m by 30 m, with roughly 1 people per square meter. About how many people are there?", "exact_value": 900, "model": "qwen/qwen2.5-3b-instruct", "provider": "transformers", "response": "Final answer: 5", "numeric_answer": 5.0, "relative_error": 0.9944444444444445, "thinking_text": null, "has_tool_call": false, "tool_call": null, "usage": {"prompt_tokens": 172, "completion_tokens": 6, "total_tokens": 178, "token_count_source": "tokenizer"}, "decoding": {"temperature": 0.2, "top_p": null, "top_k": null, "max_tokens": 256, "seed": 42}, "prompt_tokens": 172, "completion_tokens": 6, "total_tokens": 178, "token_count_source": "tokenizer", "diffusion_steps": null, "flops_estimate": null, "flops_arch": null, "flops_model_params": null, "flops_active_params": null, "tokens_non_final": 3, "tokens_reasoning": 0, "tokens_response": 3, "elapsed_seconds": 0.21968293190002441, "judgement": "Way off"}
{"id": "fermi_000403", "topic": "fermi", "subtopic": "crowd_density", "prompt": "A plaza is about 40 m by 30 m, with roughly 2 people per square meter. About how many people are there?", "exact_value": 2400, "model": "qwen/qwen2.5-3b-instruct", "provider": "transformers", "response": "Final answer: 80", "numeric_answer": 80.0, "relative_error": 0.9666666666666667, "thinking_text": null, "has_tool_call": false, "tool_call": null, "usage": {"prompt_tokens": 172, "completion_tokens": 7, "total_tokens": 179, "token_count_source": "tokenizer"}, "decoding": {"temperature": 0.2, "top_p": null, "top_k": null, "max_tokens": 256, "seed": 42}, "prompt_tokens": 172, "completion_tokens": 7, "total_tokens": 179, "token_count_source": "tokenizer", "diffusion_steps": null, "flops_estimate": null, "flops_arch": null, "flops_model_params": null, "flops_active_params": null, "tokens_non_final": 3, "tokens_reasoning": 0, "tokens_response": 3, "elapsed_seconds": 0.2482905387878418, "judgement": "Way off"}
{"id": "fermi_000423", "topic": "fermi", "subtopic": "crowd_density", "prompt": "A plaza is about 70 m by 20 m, with roughly 1 people per square meter. About how many people are there?", "exact_value": 1400, "model": "qwen/qwen2.5-3b-instruct", "provider": "transformers", "response": "Final answer: 5", "numeric_answer": 5.0, "relative_error": 0.9964285714285714, "thinking_text": null, "has_tool_call": false, "tool_call": null, "usage": {"prompt_tokens": 172, "completion_tokens": 6, "total_tokens": 178, "token_count_source": "tokenizer"}, "decoding": {"temperature": 0.2, "top_p": null, "top_k": null, "max_tokens": 256, "seed": 42}, "prompt_tokens": 172, "completion_tokens": 6, "total_tokens": 178, "token_count_source": "tokenizer", "diffusion_steps": null, "flops_estimate": null, "flops_arch": null, "flops_model_params": null, "flops_active_params": null, "tokens_non_final": 3, "tokens_reasoning": 0, "tokens_response": 3, "elapsed_seconds": 0.19411778450012207, "judgement": "Way off"}
{"id": "fermi_000443", "topic": "fermi", "subtopic": "crowd_density", "prompt": "A plaza is about 30 m by 30 m, with roughly 4 people per square meter. About how many people are there?", "exact_value": 3600, "model": "qwen/qwen2.5-3b-instruct", "provider": "transformers", "response": "Final answer: 20", "numeric_answer": 20.0, "relative_error": 0.9944444444444445, "thinking_text": null, "has_tool_call": false, "tool_call": null, "usage": {"prompt_tokens": 172, "completion_tokens": 7, "total_tokens": 179, "token_count_source": "tokenizer"}, "decoding": {"temperature": 0.2, "top_p": null, "top_k": null, "max_tokens": 256, "seed": 42}, "prompt_tokens": 172, "completion_tokens": 7, "total_tokens": 179, "token_count_source": "tokenizer", "diffusion_steps": null, "flops_estimate": null, "flops_arch": null, "flops_model_params": null, "flops_active_params": null, "tokens_non_final": 3, "tokens_reasoning": 0, "tokens_response": 3, "elapsed_seconds": 0.23719048500061035, "judgement": "Way off"}
{"id": "fermi_000463", "topic": "fermi", "subtopic": "crowd_density", "prompt": "A plaza is about 60 m by 25 m, with roughly 3 people per square meter. About how many people are there?", "exact_value": 4500, "model": "qwen/qwen2.5-3b-instruct", "provider": "transformers", "response": "Final answer: 8", "numeric_answer": 8.0, "relative_error": 0.9982222222222222, "thinking_text": null, "has_tool_call": false, "tool_call": null, "usage": {"prompt_tokens": 172, "completion_tokens": 6, "total_tokens": 178, "token_count_source": "tokenizer"}, "decoding": {"temperature": 0.2, "top_p": null, "top_k": null, "max_tokens": 256, "seed": 42}, "prompt_tokens": 172, "completion_tokens": 6, "total_tokens": 178, "token_count_source": "tokenizer", "diffusion_steps": null, "flops_estimate": null, "flops_arch": null, "flops_model_params": null, "flops_active_params": null, "tokens_non_final": 3, "tokens_reasoning": 0, "tokens_response": 3, "elapsed_seconds": 0.20691227912902832, "judgement": "Way off"}
{"id": "fermi_000483", "topic": "fermi", "subtopic": "crowd_density", "prompt": "A plaza is about 70 m by 30 m, with roughly 2 people per square meter. About how many people are there?", "exact_value": 4200, "model": "qwen/qwen2.5-3b-instruct", "provider": "transformers", "response": "Final answer: 50", "numeric_answer": 50.0, "relative_error": 0.9880952380952381, "thinking_text": null, "has_tool_call": false, "tool_call": null, "usage": {"prompt_tokens": 172, "completion_tokens": 7, "total_tokens": 179, "token_count_source": "tokenizer"}, "decoding": {"temperature": 0.2, "top_p": null, "top_k": null, "max_tokens": 256, "seed": 42}, "prompt_tokens": 172, "completion_tokens": 7, "total_tokens": 179, "token_count_source": "tokenizer", "diffusion_steps": null, "flops_estimate": null, "flops_arch": null, "flops_model_params": null, "flops_active_params": null, "tokens_non_final": 3, "tokens_reasoning": 0, "tokens_response": 3, "elapsed_seconds": 0.24521517753601074, "judgement": "Way off"}
{"id": "fermi_000503", "topic": "fermi", "subtopic": "crowd_density", "prompt": "A plaza is about 40 m by 25 m, with roughly 4 people per square meter. About how many people are there?", "exact_value": 4000, "model": "qwen/qwen2.5-3b-instruct", "provider": "transformers", "response": "Final answer: 8", "numeric_answer": 8.0, "relative_error": 0.998, "thinking_text": null, "has_tool_call": false, "tool_call": null, "usage": {"prompt_tokens": 172, "completion_tokens": 6, "total_tokens": 178, "token_count_source": "tokenizer"}, "decoding": {"temperature": 0.2, "top_p": null, "top_k": null, "max_tokens": 256, "seed": 42}, "prompt_tokens": 172, "completion_tokens": 6, "total_tokens": 178, "token_count_source": "tokenizer", "diffusion_steps": null, "flops_estimate": null, "flops_arch": null, "flops_model_params": null, "flops_active_params": null, "tokens_non_final": 3, "tokens_reasoning": 0, "tokens_response": 3, "elapsed_seconds": 0.19880080223083496, "judgement": "Way off"}
{"id": "fermi_000523", "topic": "fermi", "subtopic": "crowd_density", "prompt": "A plaza is about 50 m by 35 m, with roughly 4 people per square meter. About how many people are there?", "exact_value": 7000, "model": "qwen/qwen2.5-3b-instruct", "provider": "transformers", "response": "Final answer: 5", "numeric_answer": 5.0, "relative_error": 0.9992857142857143, "thinking_text": null, "has_tool_call": false, "tool_call": null, "usage": {"prompt_tokens": 172, "completion_tokens": 6, "total_tokens": 178, "token_count_source": "tokenizer"}, "decoding": {"temperature": 0.2, "top_p": null, "top_k": null, "max_tokens": 256, "seed": 42}, "prompt_tokens": 172, "completion_tokens": 6, "total_tokens": 178, "token_count_source": "tokenizer", "diffusion_steps": null, "flops_estimate": null, "flops_arch": null, "flops_model_params": null, "flops_active_params": null, "tokens_non_final": 3, "tokens_reasoning": 0, "tokens_response": 3, "elapsed_seconds": 0.21269607543945312, "judgement": "Way off"}
{"id": "fermi_000543", "topic": "fermi", "subtopic": "crowd_density", "prompt": "A plaza is about 40 m by 35 m, with roughly 2 people per square meter. About how many people are there?", "exact_value": 2800, "model": "qwen/qwen2.5-3b-instruct", "provider": "transformers", "response": "Final answer: 80", "numeric_answer": 80.0, "relative_error": 0.9714285714285714, "thinking_text": null, "has_tool_call": false, "tool_call": null, "usage": {"prompt_tokens": 172, "completion_tokens": 7, "total_tokens": 179, "token_count_source": "tokenizer"}, "decoding": {"temperature": 0.2, "top_p": null, "top_k": null, "max_tokens": 256, "seed": 42}, "prompt_tokens": 172, "completion_tokens": 7, "total_tokens": 179, "token_count_source": "tokenizer", "diffusion_steps": null, "flops_estimate": null, "flops_arch": null, "flops_model_params": null, "flops_active_params": null, "tokens_non_final": 3, "tokens_reasoning": 0, "tokens_response": 3, "elapsed_seconds": 0.25206613540649414, "judgement": "Way off"}
{"id": "fermi_000563", "topic": "fermi", "subtopic": "crowd_density", "prompt": "A plaza is about 30 m by 30 m, with roughly 3 people per square meter. About how many people are there?", "exact_value": 2700, "model": "qwen/qwen2.5-3b-instruct", "provider": "transformers", "response": "Final answer: 5", "numeric_answer": 5.0, "relative_error": 0.9981481481481481, "thinking_text": null, "has_tool_call": false, "tool_call": null, "usage": {"prompt_tokens": 172, "completion_tokens": 6, "total_tokens": 178, "token_count_source": "tokenizer"}, "decoding": {"temperature": 0.2, "top_p": null, "top_k": null, "max_tokens": 256, "seed": 42}, "prompt_tokens": 172, "completion_tokens": 6, "total_tokens": 178, "token_count_source": "tokenizer", "diffusion_steps": null, "flops_estimate": null, "flops_arch": null, "flops_model_params": null, "flops_active_params": null, "tokens_non_final": 3, "tokens_reasoning": 0, "tokens_response": 3, "elapsed_seconds": 0.19738316535949707, "judgement": "Way off"}
{"id": "fermi_000583", "topic": "fermi", "subtopic": "crowd_density", "prompt": "A plaza is about 60 m by 25 m, with roughly 4 people per square meter. About how many people are there?", "exact_value": 6000, "model": "qwen/qwen2.5-3b-instruct", "provider": "transformers", "response": "Final answer: 30", "numeric_answer": 30.0, "relative_error": 0.995, "thinking_text": null, "has_tool_call": false, "tool_call": null, "usage": {"prompt_tokens": 172, "completion_tokens": 7, "total_tokens": 179, "token_count_source": "tokenizer"}, "decoding": {"temperature": 0.2, "top_p": null, "top_k": null, "max_tokens": 256, "seed": 42}, "prompt_tokens": 172, "completion_tokens": 7, "total_tokens": 179, "token_count_source": "tokenizer", "diffusion_steps": null, "flops_estimate": null, "flops_arch": null, "flops_model_params": null, "flops_active_params": null, "tokens_non_final": 3, "tokens_reasoning": 0, "tokens_response": 3, "elapsed_seconds": 0.23967647552490234, "judgement": "Way off"}
{"id": "fermi_000603", "topic": "fermi", "subtopic": "crowd_density", "prompt": "A plaza is about 70 m by 25 m, with roughly 3 people per square meter. About how many people are there?", "exact_value": 5250, "model": "qwen/qwen2.5-3b-instruct", "provider": "transformers", "response": "Final answer: 5", "numeric_answer": 5.0, "relative_error": 0.9990476190476191, "thinking_text": null, "has_tool_call": false, "tool_call": null, "usage": {"prompt_tokens": 172, "completion_tokens": 6, "total_tokens": 178, "token_count_source": "tokenizer"}, "decoding": {"temperature": 0.2, "top_p": null, "top_k": null, "max_tokens": 256, "seed": 42}, "prompt_tokens": 172, "completion_tokens": 6, "total_tokens": 178, "token_count_source": "tokenizer", "diffusion_steps": null, "flops_estimate": null, "flops_arch": null, "flops_model_params": null, "flops_active_params": null, "tokens_non_final": 3, "tokens_reasoning": 0, "tokens_response": 3, "elapsed_seconds": 0.2123866081237793, "judgement": "Way off"}
{"id": "fermi_000623", "topic": "fermi", "subtopic": "crowd_density", "prompt": "A plaza is about 70 m by 35 m, with roughly 3 people per square meter. About how many people are there?", "exact_value": 7350, "model": "qwen/qwen2.5-3b-instruct", "provider": "transformers", "response": "Final answer: 5", "numeric_answer": 5.0, "relative_error": 0.9993197278911564, "thinking_text": null, "has_tool_call": false, "tool_call": null, "usage": {"prompt_tokens": 172, "completion_tokens": 6, "total_tokens": 178, "token_count_source": "tokenizer"}, "decoding": {"temperature": 0.2, "top_p": null, "top_k": null, "max_tokens": 256, "seed": 42}, "prompt_tokens": 172, "completion_tokens": 6, "total_tokens": 178, "token_count_source": "tokenizer", "diffusion_steps": null, "flops_estimate": null, "flops_arch": null, "flops_model_params": null, "flops_active_params": null, "tokens_non_final": 3, "tokens_reasoning": 0, "tokens_response": 3, "elapsed_seconds": 0.19485020637512207, "judgement": "Way off"}
{"id": "fermi_000643", "topic": "fermi", "subtopic": "crowd_density", "prompt": "A plaza is about 30 m by 25 m, with roughly 4 people per square meter. About how many people are there?", "exact_value": 3000, "model": "qwen/qwen2.5-3b-instruct", "provider": "transformers", "response": "Final answer: 8", "numeric_answer": 8.0, "relative_error": 0.9973333333333333, "thinking_text": null, "has_tool_call": false, "tool_call": null, "usage": {"prompt_tokens": 172, "completion_tokens": 6, "total_tokens": 178, "token_count_source": "tokenizer"}, "decoding": {"temperature": 0.2, "top_p": null, "top_k": null, "max_tokens": 256, "seed": 42}, "prompt_tokens": 172, "completion_tokens": 6, "total_tokens": 178, "token_count_source": "tokenizer", "diffusion_steps": null, "flops_estimate": null, "flops_arch": null, "flops_model_params": null, "flops_active_params": null, "tokens_non_final": 3, "tokens_reasoning": 0, "tokens_response": 3, "elapsed_seconds": 0.20792627334594727, "judgement": "Way off"}
{"id": "fermi_000663", "topic": "fermi", "subtopic": "crowd_density", "prompt": "A plaza is about 30 m by 25 m, with roughly 2 people per square meter. About how many people are there?", "exact_value": 1500, "model": "qwen/qwen2.5-3b-instruct", "provider": "transformers", "response": "Final answer: 5", "numeric_answer": 5.0, "relative_error": 0.9966666666666667, "thinking_text": null, "has_tool_call": false, "tool_call": null, "usage": {"prompt_tokens": 172, "completion_tokens": 6, "total_tokens": 178, "token_count_source": "tokenizer"}, "decoding": {"temperature": 0.2, "top_p": null, "top_k": null, "max_tokens": 256, "seed": 42}, "prompt_tokens": 172, "completion_tokens": 6, "total_tokens": 178, "token_count_source": "tokenizer", "diffusion_steps": null, "flops_estimate": null, "flops_arch": null, "flops_model_params": null, "flops_active_params": null, "tokens_non_final": 3, "tokens_reasoning": 0, "tokens_response": 3, "elapsed_seconds": 0.21324491500854492, "judgement": "Way off"}
{"id": "fermi_000683", "topic": "fermi", "subtopic": "crowd_density", "prompt": "A plaza is about 70 m by 35 m, with roughly 1 people per square meter. About how many people are there?", "exact_value": 2450, "model": "qwen/qwen2.5-3b-instruct", "provider": "transformers", "response": "Final answer: 50", "numeric_answer": 50.0, "relative_error": 0.9795918367346939, "thinking_text": null, "has_tool_call": false, "tool_call": null, "usage": {"prompt_tokens": 172, "completion_tokens": 7, "total_tokens": 179, "token_count_source": "tokenizer"}, "decoding": {"temperature": 0.2, "top_p": null, "top_k": null, "max_tokens": 256, "seed": 42}, "prompt_tokens": 172, "completion_tokens": 7, "total_tokens": 179, "token_count_source": "tokenizer", "diffusion_steps": null, "flops_estimate": null, "flops_arch": null, "flops_model_params": null, "flops_active_params": null, "tokens_non_final": 3, "tokens_reasoning": 0, "tokens_response": 3, "elapsed_seconds": 0.22824835777282715, "judgement": "Way off"}
{"id": "fermi_000703", "topic": "fermi", "subtopic": "crowd_density", "prompt": "A plaza is about 40 m by 25 m, with roughly 1 people per square meter. About how many people are there?", "exact_value": 1000, "model": "qwen/qwen2.5-3b-instruct", "provider": "transformers", "response": "Final answer: 5", "numeric_answer": 5.0, "relative_error": 0.995, "thinking_text": null, "has_tool_call": false, "tool_call": null, "usage": {"prompt_tokens": 172, "completion_tokens": 6, "total_tokens": 178, "token_count_source": "tokenizer"}, "decoding": {"temperature": 0.2, "top_p": null, "top_k": null, "max_tokens": 256, "seed": 42}, "prompt_tokens": 172, "completion_tokens": 6, "total_tokens": 178, "token_count_source": "tokenizer", "diffusion_steps": null, "flops_estimate": null, "flops_arch": null, "flops_model_params": null, "flops_active_params": null, "tokens_non_final": 3, "tokens_reasoning": 0, "tokens_response": 3, "elapsed_seconds": 0.20561671257019043, "judgement": "Way off"}
{"id": "fermi_000723", "topic": "fermi", "subtopic": "crowd_density", "prompt": "A plaza is about 50 m by 30 m, with roughly 4 people per square meter. About how many people are there?", "exact_value": 6000, "model": "qwen/qwen2.5-3b-instruct", "provider": "transformers", "response": "Final answer: 5", "numeric_answer": 5.0, "relative_error": 0.9991666666666666, "thinking_text": null, "has_tool_call": false, "tool_call": null, "usage": {"prompt_tokens": 172, "completion_tokens": 6, "total_tokens": 178, "token_count_source": "tokenizer"}, "decoding": {"temperature": 0.2, "top_p": null, "top_k": null, "max_tokens": 256, "seed": 42}, "prompt_tokens": 172, "completion_tokens": 6, "total_tokens": 178, "token_count_source": "tokenizer", "diffusion_steps": null, "flops_estimate": null, "flops_arch": null, "flops_model_params": null, "flops_active_params": null, "tokens_non_final": 3, "tokens_reasoning": 0, "tokens_response": 3, "elapsed_seconds": 0.21020865440368652, "judgement": "Way off"}
{"id": "fermi_000743", "topic": "fermi", "subtopic": "crowd_density", "prompt": "A plaza is about 50 m by 25 m, with roughly 4 people per square meter. About how many people are there?", "exact_value": 5000, "model": "qwen/qwen2.5-3b-instruct", "provider": "transformers", "response": "Final answer: 5", "numeric_answer": 5.0, "relative_error": 0.999, "thinking_text": null, "has_tool_call": false, "tool_call": null, "usage": {"prompt_tokens": 172, "completion_tokens": 6, "total_tokens": 178, "token_count_source": "tokenizer"}, "decoding": {"temperature": 0.2, "top_p": null, "top_k": null, "max_tokens": 256, "seed": 42}, "prompt_tokens": 172, "completion_tokens": 6, "total_tokens": 178, "token_count_source": "tokenizer", "diffusion_steps": null, "flops_estimate": null, "flops_arch": null, "flops_model_params": null, "flops_active_params": null, "tokens_non_final": 3, "tokens_reasoning": 0, "tokens_response": 3, "elapsed_seconds": 0.20453214645385742, "judgement": "Way off"}
{"id": "fermi_000763", "topic": "fermi", "subtopic": "crowd_density", "prompt": "A plaza is about 60 m by 35 m, with roughly 4 people per square meter. About how many people are there?", "exact_value": 8400, "model": "qwen/qwen2.5-3b-instruct", "provider": "transformers", "response": "Final answer: 80", "numeric_answer": 80.0, "relative_error": 0.9904761904761905, "thinking_text": null, "has_tool_call": false, "tool_call": null, "usage": {"prompt_tokens": 172, "completion_tokens": 7, "total_tokens": 179, "token_count_source": "tokenizer"}, "decoding": {"temperature": 0.2, "top_p": null, "top_k": null, "max_tokens": 256, "seed": 42}, "prompt_tokens": 172, "completion_tokens": 7, "total_tokens": 179, "token_count_source": "tokenizer", "diffusion_steps": null, "flops_estimate": null, "flops_arch": null, "flops_model_params": null, "flops_active_params": null, "tokens_non_final": 3, "tokens_reasoning": 0, "tokens_response": 3, "elapsed_seconds": 0.24138784408569336, "judgement": "Way off"}
{"id": "fermi_000783", "topic": "fermi", "subtopic": "crowd_density", "prompt": "A plaza is about 50 m by 25 m, with roughly 4 people per square meter. About how many people are there?", "exact_value": 5000, "model": "qwen/qwen2.5-3b-instruct", "provider": "transformers", "response": "Final answer: 5", "numeric_answer": 5.0, "relative_error": 0.999, "thinking_text": null, "has_tool_call": false, "tool_call": null, "usage": {"prompt_tokens": 172, "completion_tokens": 6, "total_tokens": 178, "token_count_source": "tokenizer"}, "decoding": {"temperature": 0.2, "top_p": null, "top_k": null, "max_tokens": 256, "seed": 42}, "prompt_tokens": 172, "completion_tokens": 6, "total_tokens": 178, "token_count_source": "tokenizer", "diffusion_steps": null, "flops_estimate": null, "flops_arch": null, "flops_model_params": null, "flops_active_params": null, "tokens_non_final": 3, "tokens_reasoning": 0, "tokens_response": 3, "elapsed_seconds": 0.20054316520690918, "judgement": "Way off"}
{"id": "fermi_000803", "topic": "fermi", "subtopic": "crowd_density", "prompt": "A plaza is about 30 m by 20 m, with roughly 2 people per square meter. About how many people are there?", "exact_value": 1200, "model": "qwen/qwen2.5-3b-instruct", "provider": "transformers", "response": "Final answer: 5", "numeric_answer": 5.0, "relative_error": 0.9958333333333333, "thinking_text": null, "has_tool_call": false, "tool_call": null, "usage": {"prompt_tokens": 172, "completion_tokens": 6, "total_tokens": 178, "token_count_source": "tokenizer"}, "decoding": {"temperature": 0.2, "top_p": null, "top_k": null, "max_tokens": 256, "seed": 42}, "prompt_tokens": 172, "completion_tokens": 6, "total_tokens": 178, "token_count_source": "tokenizer", "diffusion_steps": null, "flops_estimate": null, "flops_arch": null, "flops_model_params": null, "flops_active_params": null, "tokens_non_final": 3, "tokens_reasoning": 0, "tokens_response": 3, "elapsed_seconds": 0.2072279453277588, "judgement": "Way off"}
{"id": "fermi_000823", "topic": "fermi", "subtopic": "crowd_density", "prompt": "A plaza is about 50 m by 20 m, with roughly 3 people per square meter. About how many people are there?", "exact_value": 3000, "model": "qwen/qwen2.5-3b-instruct", "provider": "transformers", "response": "Final answer: 5", "numeric_answer": 5.0, "relative_error": 0.9983333333333333, "thinking_text": null, "has_tool_call": false, "tool_call": null, "usage": {"prompt_tokens": 172, "completion_tokens": 6, "total_tokens": 178, "token_count_source": "tokenizer"}, "decoding": {"temperature": 0.2, "top_p": null, "top_k": null, "max_tokens": 256, "seed": 42}, "prompt_tokens": 172, "completion_tokens": 6, "total_tokens": 178, "token_count_source": "tokenizer", "diffusion_steps": null, "flops_estimate": null, "flops_arch": null, "flops_model_params": null, "flops_active_params": null, "tokens_non_final": 3, "tokens_reasoning": 0, "tokens_response": 3, "elapsed_seconds": 0.20645833015441895, "judgement": "Way off"}
{"id": "fermi_000843", "topic": "fermi", "subtopic": "crowd_density", "prompt": "A plaza is about 40 m by 30 m, with roughly 2 people per square meter. About how many people are there?", "exact_value": 2400, "model": "qwen/qwen2.5-3b-instruct", "provider": "transformers", "response": "Final answer: 80", "numeric_answer": 80.0, "relative_error": 0.9666666666666667, "thinking_text": null, "has_tool_call": false, "tool_call": null, "usage": {"prompt_tokens": 172, "completion_tokens": 7, "total_tokens": 179, "token_count_source": "tokenizer"}, "decoding": {"temperature": 0.2, "top_p": null, "top_k": null, "max_tokens": 256, "seed": 42}, "prompt_tokens": 172, "completion_tokens": 7, "total_tokens": 179, "token_count_source": "tokenizer", "diffusion_steps": null, "flops_estimate": null, "flops_arch": null, "flops_model_params": null, "flops_active_params": null, "tokens_non_final": 3, "tokens_reasoning": 0, "tokens_response": 3, "elapsed_seconds": 0.2517108917236328, "judgement": "Way off"}
{"id": "fermi_000863", "topic": "fermi", "subtopic": "crowd_density", "prompt": "A plaza is about 50 m by 35 m, with roughly 4 people per square meter. About how many people are there?", "exact_value": 7000, "model": "qwen/qwen2.5-3b-instruct", "provider": "transformers", "response": "Final answer: 20", "numeric_answer": 20.0, "relative_error": 0.9971428571428571, "thinking_text": null, "has_tool_call": false, "tool_call": null, "usage": {"prompt_tokens": 172, "completion_tokens": 7, "total_tokens": 179, "token_count_source": "tokenizer"}, "decoding": {"temperature": 0.2, "top_p": null, "top_k": null, "max_tokens": 256, "seed": 42}, "prompt_tokens": 172, "completion_tokens": 7, "total_tokens": 179, "token_count_source": "tokenizer", "diffusion_steps": null, "flops_estimate": null, "flops_arch": null, "flops_model_params": null, "flops_active_params": null, "tokens_non_final": 3, "tokens_reasoning": 0, "tokens_response": 3, "elapsed_seconds": 0.2306351661682129, "judgement": "Way off"}
{"id": "fermi_000883", "topic": "fermi", "subtopic": "crowd_density", "prompt": "A plaza is about 60 m by 20 m, with roughly 4 people per square meter. About how many people are there?", "exact_value": 4800, "model": "qwen/qwen2.5-3b-instruct", "provider": "transformers", "response": "Final answer: 30", "numeric_answer": 30.0, "relative_error": 0.99375, "thinking_text": null, "has_tool_call": false, "tool_call": null, "usage": {"prompt_tokens": 172, "completion_tokens": 7, "total_tokens": 179, "token_count_source": "tokenizer"}, "decoding": {"temperature": 0.2, "top_p": null, "top_k": null, "max_tokens": 256, "seed": 42}, "prompt_tokens": 172, "completion_tokens": 7, "total_tokens": 179, "token_count_source": "tokenizer", "diffusion_steps": null, "flops_estimate": null, "flops_arch": null, "flops_model_params": null, "flops_active_params": null, "tokens_non_final": 3, "tokens_reasoning": 0, "tokens_response": 3, "elapsed_seconds": 0.24282526969909668, "judgement": "Way off"}
{"id": "fermi_000903", "topic": "fermi", "subtopic": "crowd_density", "prompt": "A plaza is about 60 m by 20 m, with roughly 1 people per square meter. About how many people are there?", "exact_value": 1200, "model": "qwen/qwen2.5-3b-instruct", "provider": "transformers", "response": "Final answer: 50", "numeric_answer": 50.0, "relative_error": 0.9583333333333334, "thinking_text": null, "has_tool_call": false, "tool_call": null, "usage": {"prompt_tokens": 172, "completion_tokens": 7, "total_tokens": 179, "token_count_source": "tokenizer"}, "decoding": {"temperature": 0.2, "top_p": null, "top_k": null, "max_tokens": 256, "seed": 42}, "prompt_tokens": 172, "completion_tokens": 7, "total_tokens": 179, "token_count_source": "tokenizer", "diffusion_steps": null, "flops_estimate": null, "flops_arch": null, "flops_model_params": null, "flops_active_params": null, "tokens_non_final": 3, "tokens_reasoning": 0, "tokens_response": 3, "elapsed_seconds": 0.24948787689208984, "judgement": "Way off"}
{"id": "fermi_000923", "topic": "fermi", "subtopic": "crowd_density", "prompt": "A plaza is about 30 m by 20 m, with roughly 3 people per square meter. About how many people are there?", "exact_value": 1800, "model": "qwen/qwen2.5-3b-instruct", "provider": "transformers", "response": "Final answer: 5", "numeric_answer": 5.0, "relative_error": 0.9972222222222222, "thinking_text": null, "has_tool_call": false, "tool_call": null, "usage": {"prompt_tokens": 172, "completion_tokens": 6, "total_tokens": 178, "token_count_source": "tokenizer"}, "decoding": {"temperature": 0.2, "top_p": null, "top_k": null, "max_tokens": 256, "seed": 42}, "prompt_tokens": 172, "completion_tokens": 6, "total_tokens": 178, "token_count_source": "tokenizer", "diffusion_steps": null, "flops_estimate": null, "flops_arch": null, "flops_model_params": null, "flops_active_params": null, "tokens_non_final": 3, "tokens_reasoning": 0, "tokens_response": 3, "elapsed_seconds": 0.19272089004516602, "judgement": "Way off"}
{"id": "fermi_000943", "topic": "fermi", "subtopic": "crowd_density", "prompt": "A plaza is about 50 m by 25 m, with roughly 1 people per square meter. About how many people are there?", "exact_value": 1250, "model": "qwen/qwen2.5-3b-instruct", "provider": "transformers", "response": "Final answer: 5", "numeric_answer": 5.0, "relative_error": 0.996, "thinking_text": null, "has_tool_call": false, "tool_call": null, "usage": {"prompt_tokens": 172, "completion_tokens": 6, "total_tokens": 178, "token_count_source": "tokenizer"}, "decoding": {"temperature": 0.2, "top_p": null, "top_k": null, "max_tokens": 256, "seed": 42}, "prompt_tokens": 172, "completion_tokens": 6, "total_tokens": 178, "token_count_source": "tokenizer", "diffusion_steps": null, "flops_estimate": null, "flops_arch": null, "flops_model_params": null, "flops_active_params": null, "tokens_non_final": 3, "tokens_reasoning": 0, "tokens_response": 3, "elapsed_seconds": 0.1974196434020996, "judgement": "Way off"}
{"id": "fermi_000963", "topic": "fermi", "subtopic": "crowd_density", "prompt": "A plaza is about 70 m by 35 m, with roughly 4 people per square meter. About how many people are there?", "exact_value": 9800, "model": "qwen/qwen2.5-3b-instruct", "provider": "transformers", "response": "Final answer: 8", "numeric_answer": 8.0, "relative_error": 0.9991836734693877, "thinking_text": null, "has_tool_call": false, "tool_call": null, "usage": {"prompt_tokens": 172, "completion_tokens": 6, "total_tokens": 178, "token_count_source": "tokenizer"}, "decoding": {"temperature": 0.2, "top_p": null, "top_k": null, "max_tokens": 256, "seed": 42}, "prompt_tokens": 172, "completion_tokens": 6, "total_tokens": 178, "token_count_source": "tokenizer", "diffusion_steps": null, "flops_estimate": null, "flops_arch": null, "flops_model_params": null, "flops_active_params": null, "tokens_non_final": 3, "tokens_reasoning": 0, "tokens_response": 3, "elapsed_seconds": 0.20824837684631348, "judgement": "Way off"}
{"id": "fermi_000983", "topic": "fermi", "subtopic": "crowd_density", "prompt": "A plaza is about 50 m by 25 m, with roughly 3 people per square meter. About how many people are there?", "exact_value": 3750, "model": "qwen/qwen2.5-3b-instruct", "provider": "transformers", "response": "Final answer: 5", "numeric_answer": 5.0, "relative_error": 0.9986666666666667, "thinking_text": null, "has_tool_call": false, "tool_call": null, "usage": {"prompt_tokens": 172, "completion_tokens": 6, "total_tokens": 178, "token_count_source": "tokenizer"}, "decoding": {"temperature": 0.2, "top_p": null, "top_k": null, "max_tokens": 256, "seed": 42}, "prompt_tokens": 172, "completion_tokens": 6, "total_tokens": 178, "token_count_source": "tokenizer", "diffusion_steps": null, "flops_estimate": null, "flops_arch": null, "flops_model_params": null, "flops_active_params": null, "tokens_non_final": 3, "tokens_reasoning": 0, "tokens_response": 3, "elapsed_seconds": 0.2076268196105957, "judgement": "Way off"}
{"id": "fermi_001003", "topic": "fermi", "subtopic": "crowd_density", "prompt": "A plaza is about 30 m by 25 m, with roughly 3 people per square meter. About how many people are there?", "exact_value": 2250, "model": "qwen/qwen2.5-3b-instruct", "provider": "transformers", "response": "Final answer: 5", "numeric_answer": 5.0, "relative_error": 0.9977777777777778, "thinking_text": null, "has_tool_call": false, "tool_call": null, "usage": {"prompt_tokens": 172, "completion_tokens": 6, "total_tokens": 178, "token_count_source": "tokenizer"}, "decoding": {"temperature": 0.2, "top_p": null, "top_k": null, "max_tokens": 256, "seed": 42}, "prompt_tokens": 172, "completion_tokens": 6, "total_tokens": 178, "token_count_source": "tokenizer", "diffusion_steps": null, "flops_estimate": null, "flops_arch": null, "flops_model_params": null, "flops_active_params": null, "tokens_non_final": 3, "tokens_reasoning": 0, "tokens_response": 3, "elapsed_seconds": 0.19403409957885742, "judgement": "Way off"}
{"id": "fermi_001023", "topic": "fermi", "subtopic": "crowd_density", "prompt": "A plaza is about 30 m by 25 m, with roughly 2 people per square meter. About how many people are there?", "exact_value": 1500, "model": "qwen/qwen2.5-3b-instruct", "provider": "transformers", "response": "Final answer: 5", "numeric_answer": 5.0, "relative_error": 0.9966666666666667, "thinking_text": null, "has_tool_call": false, "tool_call": null, "usage": {"prompt_tokens": 172, "completion_tokens": 6, "total_tokens": 178, "token_count_source": "tokenizer"}, "decoding": {"temperature": 0.2, "top_p": null, "top_k": null, "max_tokens": 256, "seed": 42}, "prompt_tokens": 172, "completion_tokens": 6, "total_tokens": 178, "token_count_source": "tokenizer", "diffusion_steps": null, "flops_estimate": null, "flops_arch": null, "flops_model_params": null, "flops_active_params": null, "tokens_non_final": 3, "tokens_reasoning": 0, "tokens_response": 3, "elapsed_seconds": 0.20247650146484375, "judgement": "Way off"}
{"id": "fermi_001043", "topic": "fermi", "subtopic": "crowd_density", "prompt": "A plaza is about 60 m by 20 m, with roughly 3 people per square meter. About how many people are there?", "exact_value": 3600, "model": "qwen/qwen2.5-3b-instruct", "provider": "transformers", "response": "Final answer: 50", "numeric_answer": 50.0, "relative_error": 0.9861111111111112, "thinking_text": null, "has_tool_call": false, "tool_call": null, "usage": {"prompt_tokens": 172, "completion_tokens": 7, "total_tokens": 179, "token_count_source": "tokenizer"}, "decoding": {"temperature": 0.2, "top_p": null, "top_k": null, "max_tokens": 256, "seed": 42}, "prompt_tokens": 172, "completion_tokens": 7, "total_tokens": 179, "token_count_source": "tokenizer", "diffusion_steps": null, "flops_estimate": null, "flops_arch": null, "flops_model_params": null, "flops_active_params": null, "tokens_non_final": 3, "tokens_reasoning": 0, "tokens_response": 3, "elapsed_seconds": 0.2405855655670166, "judgement": "Way off"}
{"id": "fermi_001063", "topic": "fermi", "subtopic": "crowd_density", "prompt": "A plaza is about 40 m by 20 m, with roughly 1 people per square meter. About how many people are there?", "exact_value": 800, "model": "qwen/qwen2.5-3b-instruct", "provider": "transformers", "response": "Final answer: 5", "numeric_answer": 5.0, "relative_error": 0.99375, "thinking_text": null, "has_tool_call": false, "tool_call": null, "usage": {"prompt_tokens": 172, "completion_tokens": 6, "total_tokens": 178, "token_count_source": "tokenizer"}, "decoding": {"temperature": 0.2, "top_p": null, "top_k": null, "max_tokens": 256, "seed": 42}, "prompt_tokens": 172, "completion_tokens": 6, "total_tokens": 178, "token_count_source": "tokenizer", "diffusion_steps": null, "flops_estimate": null, "flops_arch": null, "flops_model_params": null, "flops_active_params": null, "tokens_non_final": 3, "tokens_reasoning": 0, "tokens_response": 3, "elapsed_seconds": 0.19949126243591309, "judgement": "Way off"}
{"id": "travel_time_000108", "topic": "travel_time", "subtopic": "drive_time", "prompt": "You need to travel about 161 miles at around 55 mph. About how many hours will it take?", "exact_value": 2.92, "model": "qwen/qwen2.5-3b-instruct", "provider": "transformers", "response": "Final answer: 3", "numeric_answer": 3.0, "relative_error": 0.02739726027397263, "thinking_text": null, "has_tool_call": false, "tool_call": null, "usage": {"prompt_tokens": 167, "completion_tokens": 6, "total_tokens": 173, "token_count_source": "tokenizer"}, "decoding": {"temperature": 0.2, "top_p": null, "top_k": null, "max_tokens": 256, "seed": 42}, "prompt_tokens": 167, "completion_tokens": 6, "total_tokens": 173, "token_count_source": "tokenizer", "diffusion_steps": null, "flops_estimate": null, "flops_arch": null, "flops_model_params": null, "flops_active_params": null, "tokens_non_final": 3, "tokens_reasoning": 0, "tokens_response": 3, "elapsed_seconds": 0.20987153053283691, "judgement": "Good approximation"}
{"id": "travel_time_000128", "topic": "travel_time", "subtopic": "drive_time", "prompt": "You need to travel about 11 miles at around 45 mph. About how many hours will it take?", "exact_value": 0.2511111111111111, "model": "qwen/qwen2.5-3b-instruct", "provider": "transformers", "response": "Final answer: 2", "numeric_answer": 2.0, "relative_error": 6.964601769911504, "thinking_text": null, "has_tool_call": false, "tool_call": null, "usage": {"prompt_tokens": 166, "completion_tokens": 6, "total_tokens": 172, "token_count_source": "tokenizer"}, "decoding": {"temperature": 0.2, "top_p": null, "top_k": null, "max_tokens": 256, "seed": 42}, "prompt_tokens": 166, "completion_tokens": 6, "total_tokens": 172, "token_count_source": "tokenizer", "diffusion_steps": null, "flops_estimate": null, "flops_arch": null, "flops_model_params": null, "flops_active_params": null, "tokens_non_final": 3, "tokens_reasoning": 0, "tokens_response": 3, "elapsed_seconds": 0.21207022666931152, "judgement": "Way off"}
{"id": "travel_time_000148", "topic": "travel_time", "subtopic": "drive_time", "prompt": "You need to travel about 189 miles at around 45 mph. About how many hours will it take?", "exact_value": 4.202222222222222, "model": "qwen/qwen2.5-3b-instruct", "provider": "transformers", "response": "Final answer: 5", "numeric_answer": 5.0, "relative_error": 0.18984664198836604, "thinking_text": null, "has_tool_call": false, "tool_call": null, "usage": {"prompt_tokens": 167, "completion_tokens": 6, "total_tokens": 173, "token_count_source": "tokenizer"}, "decoding": {"temperature": 0.2, "top_p": null, "top_k": null, "max_tokens": 256, "seed": 42}, "prompt_tokens": 167, "completion_tokens": 6, "total_tokens": 173, "token_count_source": "tokenizer", "diffusion_steps": null, "flops_estimate": null, "flops_arch": null, "flops_model_params": null, "flops_active_params": null, "tokens_non_final": 3, "tokens_reasoning": 0, "tokens_response": 3, "elapsed_seconds": 0.1997380256652832, "judgement": "Good approximation"}
{"id": "travel_time_000168", "topic": "travel_time", "subtopic": "drive_time", "prompt": "You need to travel about 239 miles at around 45 mph. About how many hours will it take?", "exact_value": 5.304444444444444, "model": "qwen/qwen2.5-3b-instruct", "provider": "transformers", "response": "Final answer: 5", "numeric_answer": 5.0, "relative_error": 0.0573942186845412, "thinking_text": null, "has_tool_call": false, "tool_call": null, "usage": {"prompt_tokens": 167, "completion_tokens": 6, "total_tokens": 173, "token_count_source": "tokenizer"}, "decoding": {"temperature": 0.2, "top_p": null, "top_k": null, "max_tokens": 256, "seed": 42}, "prompt_tokens": 167, "completion_tokens": 6, "total_tokens": 173, "token_count_source": "tokenizer", "diffusion_steps": null, "flops_estimate": null, "flops_arch": null, "flops_model_params": null, "flops_active_params": null, "tokens_non_final": 3, "tokens_reasoning": 0, "tokens_response": 3, "elapsed_seconds": 0.2079920768737793, "judgement": "Good approximation"}
{"id": "travel_time_000188", "topic": "travel_time", "subtopic": "drive_time", "prompt": "You need to travel about 118 miles at around 45 mph. About how many hours will it take?", "exact_value": 2.6133333333333333, "model": "qwen/qwen2.5-3b-instruct", "provider": "transformers", "response": "Final answer: 5", "numeric_answer": 5.0, "relative_error": 0.913265306122449, "thinking_text": null, "has_tool_call": false, "tool_call": null, "usage": {"prompt_tokens": 167, "completion_tokens": 6, "total_tokens": 173, "token_count_source": "tokenizer"}, "decoding": {"temperature": 0.2, "top_p": null, "top_k": null, "max_tokens": 256, "seed": 42}, "prompt_tokens": 167, "completion_tokens": 6, "total_tokens": 173, "token_count_source": "tokenizer", "diffusion_steps": null, "flops_estimate": null, "flops_arch": null, "flops_model_params": null, "flops_active_params": null, "tokens_non_final": 3, "tokens_reasoning": 0, "tokens_response": 3, "elapsed_seconds": 0.20865917205810547, "judgement": "Way off"}
{"id": "travel_time_000208", "topic": "travel_time", "subtopic": "drive_time", "prompt": "You need to travel about 224 miles at around 55 mph. About how many hours will it take?", "exact_value": 4.067272727272727, "model": "qwen/qwen2.5-3b-instruct", "provider": "transformers", "response": "Final answer: 3", "numeric_answer": 3.0, "relative_error": 0.26240500670540906, "thinking_text": null, "has_tool_call": false, "tool_call": null, "usage": {"prompt_tokens": 167, "completion_tokens": 6, "total_tokens": 173, "token_count_source": "tokenizer"}, "decoding": {"temperature": 0.2, "top_p": null, "top_k": null, "max_tokens": 256, "seed": 42}, "prompt_tokens": 167, "completion_tokens": 6, "total_tokens": 173, "token_count_source": "tokenizer", "diffusion_steps": null, "flops_estimate": null, "flops_arch": null, "flops_model_params": null, "flops_active_params": null, "tokens_non_final": 3, "tokens_reasoning": 0, "tokens_response": 3, "elapsed_seconds": 0.19241952896118164, "judgement": "Mildly off"}
{"id": "travel_time_000228", "topic": "travel_time", "subtopic": "drive_time", "prompt": "You need to travel about 37 miles at around 45 mph. About how many hours will it take?", "exact_value": 0.8222222222222222, "model": "qwen/qwen2.5-3b-instruct", "provider": "transformers", "response": "Final answer: 5", "numeric_answer": 5.0, "relative_error": 5.081081081081082, "thinking_text": null, "has_tool_call": false, "tool_call": null, "usage": {"prompt_tokens": 166, "completion_tokens": 6, "total_tokens": 172, "token_count_source": "tokenizer"}, "decoding": {"temperature": 0.2, "top_p": null, "top_k": null, "max_tokens": 256, "seed": 42}, "prompt_tokens": 166, "completion_tokens": 6, "total_tokens": 172, "token_count_source": "tokenizer", "diffusion_steps": null, "flops_estimate": null, "flops_arch": null, "flops_model_params": null, "flops_active_params": null, "tokens_non_final": 3, "tokens_reasoning": 0, "tokens_response": 3, "elapsed_seconds": 0.20697808265686035, "judgement": "Way off"}
{"id": "travel_time_000248", "topic": "travel_time", "subtopic": "drive_time", "prompt": "You need to travel about 213 miles at around 35 mph. About how many hours will it take?", "exact_value": 6.082857142857143, "model": "qwen/qwen2.5-3b-instruct", "provider": "transformers", "response": "Final answer: 5", "numeric_answer": 5.0, "relative_error": 0.17801784875528415, "thinking_text": null, "has_tool_call": false, "tool_call": null, "usage": {"prompt_tokens": 167, "completion_tokens": 6, "total_tokens": 173, "token_count_source": "tokenizer"}, "decoding": {"temperature": 0.2, "top_p": null, "top_k": null, "max_tokens": 256, "seed": 42}, "prompt_tokens": 167, "completion_tokens": 6, "total_tokens": 173, "token_count_source": "tokenizer", "diffusion_steps": null, "flops_estimate": null, "flops_arch": null, "flops_model_params": null, "flops_active_params": null, "tokens_non_final": 3, "tokens_reasoning": 0, "tokens_response": 3, "elapsed_seconds": 0.20908856391906738, "judgement": "Good approximation"}
{"id": "travel_time_000268", "topic": "travel_time", "subtopic": "drive_time", "prompt": "You need to travel about 130 miles at around 35 mph. About how many hours will it take?", "exact_value": 3.7228571428571433, "model": "qwen/qwen2.5-3b-instruct", "provider": "transformers", "response": "Final answer: 5", "numeric_answer": 5.0, "relative_error": 0.34305448963929375, "thinking_text": null, "has_tool_call": false, "tool_call": null, "usage": {"prompt_tokens": 167, "completion_tokens": 6, "total_tokens": 173, "token_count_source": "tokenizer"}, "decoding": {"temperature": 0.2, "top_p": null, "top_k": null, "max_tokens": 256, "seed": 42}, "prompt_tokens": 167, "completion_tokens": 6, "total_tokens": 173, "token_count_source": "tokenizer", "diffusion_steps": null, "flops_estimate": null, "flops_arch": null, "flops_model_params": null, "flops_active_params": null, "tokens_non_final": 3, "tokens_reasoning": 0, "tokens_response": 3, "elapsed_seconds": 0.19958233833312988, "judgement": "Mildly off"}
{"id": "travel_time_000288", "topic": "travel_time", "subtopic": "drive_time", "prompt": "You need to travel about 182 miles at around 45 mph. About how many hours will it take?", "exact_value": 4.04, "model": "qwen/qwen2.5-3b-instruct", "provider": "transformers", "response": "Final answer: 5", "numeric_answer": 5.0, "relative_error": 0.2376237623762376, "thinking_text": null, "has_tool_call": false, "tool_call": null, "usage": {"prompt_tokens": 167, "completion_tokens": 6, "total_tokens": 173, "token_count_source": "tokenizer"}, "decoding": {"temperature": 0.2, "top_p": null, "top_k": null, "max_tokens": 256, "seed": 42}, "prompt_tokens": 167, "completion_tokens": 6, "total_tokens": 173, "token_count_source": "tokenizer", "diffusion_steps": null, "flops_estimate": null, "flops_arch": null, "flops_model_params": null, "flops_active_params": null, "tokens_non_final": 3, "tokens_reasoning": 0, "tokens_response": 3, "elapsed_seconds": 0.21284961700439453, "judgement": "Mildly off"}
{"id": "travel_time_000308", "topic": "travel_time", "subtopic": "drive_time", "prompt": "You need to travel about 220 miles at around 55 mph. About how many hours will it take?", "exact_value": 4.009090909090909, "model": "qwen/qwen2.5-3b-instruct", "provider": "transformers", "response": "Final answer: 5", "numeric_answer": 5.0, "relative_error": 0.24716553287981868, "thinking_text": null, "has_tool_call": false, "tool_call": null, "usage": {"prompt_tokens": 167, "completion_tokens": 6, "total_tokens": 173, "token_count_source": "tokenizer"}, "decoding": {"temperature": 0.2, "top_p": null, "top_k": null, "max_tokens": 256, "seed": 42}, "prompt_tokens": 167, "completion_tokens": 6, "total_tokens": 173, "token_count_source": "tokenizer", "diffusion_steps": null, "flops_estimate": null, "flops_arch": null, "flops_model_params": null, "flops_active_params": null, "tokens_non_final": 3, "tokens_reasoning": 0, "tokens_response": 3, "elapsed_seconds": 0.21410202980041504, "judgement": "Mildly off"}
{"id": "travel_time_000328", "topic": "travel_time", "subtopic": "drive_time", "prompt": "You need to travel about 144 miles at around 65 mph. About how many hours will it take?", "exact_value": 2.2184615384615385, "model": "qwen/qwen2.5-3b-instruct", "provider": "transformers", "response": "Final answer: 5", "numeric_answer": 5.0, "relative_error": 1.2538141470180304, "thinking_text": null, "has_tool_call": false, "tool_call": null, "usage": {"prompt_tokens": 167, "completion_tokens": 6, "total_tokens": 173, "token_count_source": "tokenizer"}, "decoding": {"temperature": 0.2, "top_p": null, "top_k": null, "max_tokens": 256, "seed": 42}, "prompt_tokens": 167, "completion_tokens": 6, "total_tokens": 173, "token_count_source": "tokenizer", "diffusion_steps": null, "flops_estimate": null, "flops_arch": null, "flops_model_params": null, "flops_active_params": null, "tokens_non_final": 3, "tokens_reasoning": 0, "tokens_response": 3, "elapsed_seconds": 0.19418072700500488, "judgement": "Way off"}
{"id": "travel_time_000348", "topic": "travel_time", "subtopic": "drive_time", "prompt": "You need to travel about 215 miles at around 25 mph. About how many hours will it take?", "exact_value": 8.612, "model": "qwen/qwen2.5-3b-instruct", "provider": "transformers", "response": "Final answer: 5", "numeric_answer": 5.0, "relative_error": 0.41941477008824896, "thinking_text": null, "has_tool_call": false, "tool_call": null, "usage": {"prompt_tokens": 167, "completion_tokens": 6, "total_tokens": 173, "token_count_source": "tokenizer"}, "decoding": {"temperature": 0.2, "top_p": null, "top_k": null, "max_tokens": 256, "seed": 42}, "prompt_tokens": 167, "completion_tokens": 6, "total_tokens": 173, "token_count_source": "tokenizer", "diffusion_steps": null, "flops_estimate": null, "flops_arch": null, "flops_model_params": null, "flops_active_params": null, "tokens_non_final": 3, "tokens_reasoning": 0, "tokens_response": 3, "elapsed_seconds": 0.2050480842590332, "judgement": "Mildly off"}
{"id": "travel_time_000368", "topic": "travel_time", "subtopic": "drive_time", "prompt": "You need to travel about 173 miles at around 55 mph. About how many hours will it take?", "exact_value": 3.152727272727273, "model": "qwen/qwen2.5-3b-instruct", "provider": "transformers", "response": "Final answer: 2", "numeric_answer": 2.0, "relative_error": 0.36562860438292966, "thinking_text": null, "has_tool_call": false, "tool_call": null, "usage": {"prompt_tokens": 167, "completion_tokens": 6, "total_tokens": 173, "token_count_source": "tokenizer"}, "decoding": {"temperature": 0.2, "top_p": null, "top_k": null, "max_tokens": 256, "seed": 42}, "prompt_tokens": 167, "completion_tokens": 6, "total_tokens": 173, "token_count_source": "tokenizer", "diffusion_steps": null, "flops_estimate": null, "flops_arch": null, "flops_model_params": null, "flops_active_params": null, "tokens_non_final": 3, "tokens_reasoning": 0, "tokens_response": 3, "elapsed_seconds": 0.21230769157409668, "judgement": "Mildly off"}
{"id": "travel_time_000388", "topic": "travel_time", "subtopic": "drive_time", "prompt": "You need to travel about 73 miles at around 25 mph. About how many hours will it take?", "exact_value": 2.92, "model": "qwen/qwen2.5-3b-instruct", "provider": "transformers", "response": "Final answer: 5", "numeric_answer": 5.0, "relative_error": 0.7123287671232877, "thinking_text": null, "has_tool_call": false, "tool_call": null, "usage": {"prompt_tokens": 166, "completion_tokens": 6, "total_tokens": 172, "token_count_source": "tokenizer"}, "decoding": {"temperature": 0.2, "top_p": null, "top_k": null, "max_tokens": 256, "seed": 42}, "prompt_tokens": 166, "completion_tokens": 6, "total_tokens": 172, "token_count_source": "tokenizer", "diffusion_steps": null, "flops_estimate": null, "flops_arch": null, "flops_model_params": null, "flops_active_params": null, "tokens_non_final": 3, "tokens_reasoning": 0, "tokens_response": 3, "elapsed_seconds": 0.19535589218139648, "judgement": "Way off"}
{"id": "travel_time_000408", "topic": "travel_time", "subtopic": "drive_time", "prompt": "You need to travel about 66 miles at around 65 mph. About how many hours will it take?", "exact_value": 1.0215384615384617, "model": "qwen/qwen2.5-3b-instruct", "provider": "transformers", "response": "Final answer: 5", "numeric_answer": 5.0, "relative_error": 3.894578313253011, "thinking_text": null, "has_tool_call": false, "tool_call": null, "usage": {"prompt_tokens": 166, "completion_tokens": 6, "total_tokens": 172, "token_count_source": "tokenizer"}, "decoding": {"temperature": 0.2, "top_p": null, "top_k": null, "max_tokens": 256, "seed": 42}, "prompt_tokens": 166, "completion_tokens": 6, "total_tokens": 172, "token_count_source": "tokenizer", "diffusion_steps": null, "flops_estimate": null, "flops_arch": null, "flops_model_params": null, "flops_active_params": null, "tokens_non_final": 3, "tokens_reasoning": 0, "tokens_response": 3, "elapsed_seconds": 0.2057666778564453, "judgement": "Way off"}
{"id": "travel_time_000428", "topic": "travel_time", "subtopic": "drive_time", "prompt": "You need to travel about 18 miles at around 65 mph. About how many hours will it take?", "exact_value": 0.27999999999999997, "model": "qwen/qwen2.5-3b-instruct", "provider": "transformers", "response": "Final answer: 3", "numeric_answer": 3.0, "relative_error": 9.714285714285715, "thinking_text": null, "has_tool_call": false, "tool_call": null, "usage": {"prompt_tokens": 166, "completion_tokens": 6, "total_tokens": 172, "token_count_source": "tokenizer"}, "decoding": {"temperature": 0.2, "top_p": null, "top_k": null, "max_tokens": 256, "seed": 42}, "prompt_tokens": 166, "completion_tokens": 6, "total_tokens": 172, "token_count_source": "tokenizer", "diffusion_steps": null, "flops_estimate": null, "flops_arch": null, "flops_model_params": null, "flops_active_params": null, "tokens_non_final": 3, "tokens_reasoning": 0, "tokens_response": 3, "elapsed_seconds": 0.20989084243774414, "judgement": "Way off"}
{"id": "travel_time_000448", "topic": "travel_time", "subtopic": "drive_time", "prompt": "You need to travel about 208 miles at around 35 mph. About how many hours will it take?", "exact_value": 5.951428571428572, "model": "qwen/qwen2.5-3b-instruct", "provider": "transformers", "response": "Final answer: 5", "numeric_answer": 5.0, "relative_error": 0.1598655784925589, "thinking_text": null, "has_tool_call": false, "tool_call": null, "usage": {"prompt_tokens": 167, "completion_tokens": 6, "total_tokens": 173, "token_count_source": "tokenizer"}, "decoding": {"temperature": 0.2, "top_p": null, "top_k": null, "max_tokens": 256, "seed": 42}, "prompt_tokens": 167, "completion_tokens": 6, "total_tokens": 173, "token_count_source": "tokenizer", "diffusion_steps": null, "flops_estimate": null, "flops_arch": null, "flops_model_params": null, "flops_active_params": null, "tokens_non_final": 3, "tokens_reasoning": 0, "tokens_response": 3, "elapsed_seconds": 0.19258952140808105, "judgement": "Good approximation"}
{"id": "travel_time_000468", "topic": "travel_time", "subtopic": "drive_time", "prompt": "You need to travel about 49 miles at around 35 mph. About how many hours will it take?", "exact_value": 1.3885714285714286, "model": "qwen/qwen2.5-3b-instruct", "provider": "transformers", "response": "Final answer: 5", "numeric_answer": 5.0, "relative_error": 2.6008230452674894, "thinking_text": null, "has_tool_call": false, "tool_call": null, "usage": {"prompt_tokens": 166, "completion_tokens": 6, "total_tokens": 172, "token_count_source": "tokenizer"}, "decoding": {"temperature": 0.2, "top_p": null, "top_k": null, "max_tokens": 256, "seed": 42}, "prompt_tokens": 166, "completion_tokens": 6, "total_tokens": 172, "token_count_source": "tokenizer", "diffusion_steps": null, "flops_estimate": null, "flops_arch": null, "flops_model_params": null, "flops_active_params": null, "tokens_non_final": 3, "tokens_reasoning": 0, "tokens_response": 3, "elapsed_seconds": 0.20587921142578125, "judgement": "Way off"}
{"id": "travel_time_000488", "topic": "travel_time", "subtopic": "drive_time", "prompt": "You need to travel about 85 miles at around 55 mph. About how many hours will it take?", "exact_value": 1.5454545454545454, "model": "qwen/qwen2.5-3b-instruct", "provider": "transformers", "response": "Final answer: 3", "numeric_answer": 3.0, "relative_error": 0.9411764705882354, "thinking_text": null, "has_tool_call": false, "tool_call": null, "usage": {"prompt_tokens": 166, "completion_tokens": 6, "total_tokens": 172, "token_count_source": "tokenizer"}, "decoding": {"temperature": 0.2, "top_p": null, "top_k": null, "max_tokens": 256, "seed": 42}, "prompt_tokens": 166, "completion_tokens": 6, "total_tokens": 172, "token_count_source": "tokenizer", "diffusion_steps": null, "flops_estimate": null, "flops_arch": null, "flops_model_params": null, "flops_active_params": null, "tokens_non_final": 3, "tokens_reasoning": 0, "tokens_response": 3, "elapsed_seconds": 0.20530080795288086, "judgement": "Way off"}
{"id": "travel_time_000508", "topic": "travel_time", "subtopic": "drive_time", "prompt": "You need to travel about 139 miles at around 35 mph. About how many hours will it take?", "exact_value": 3.9800000000000004, "model": "qwen/qwen2.5-3b-instruct", "provider": "transformers", "response": "Final answer: 5", "numeric_answer": 5.0, "relative_error": 0.25628140703517577, "thinking_text": null, "has_tool_call": false, "tool_call": null, "usage": {"prompt_tokens": 167, "completion_tokens": 6, "total_tokens": 173, "token_count_source": "tokenizer"}, "decoding": {"temperature": 0.2, "top_p": null, "top_k": null, "max_tokens": 256, "seed": 42}, "prompt_tokens": 167, "completion_tokens": 6, "total_tokens": 173, "token_count_source": "tokenizer", "diffusion_steps": null, "flops_estimate": null, "flops_arch": null, "flops_model_params": null, "flops_active_params": null, "tokens_non_final": 3, "tokens_reasoning": 0, "tokens_response": 3, "elapsed_seconds": 0.1990187168121338, "judgement": "Mildly off"}
{"id": "travel_time_000528", "topic": "travel_time", "subtopic": "drive_time", "prompt": "You need to travel about 203 miles at around 45 mph. About how many hours will it take?", "exact_value": 4.511111111111111, "model": "qwen/qwen2.5-3b-instruct", "provider": "transformers", "response": "Final answer: 5", "numeric_answer": 5.0, "relative_error": 0.10837438423645321, "thinking_text": null, "has_tool_call": false, "tool_call": null, "usage": {"prompt_tokens": 167, "completion_tokens": 6, "total_tokens": 173, "token_count_source": "tokenizer"}, "decoding": {"temperature": 0.2, "top_p": null, "top_k": null, "max_tokens": 256, "seed": 42}, "prompt_tokens": 167, "completion_tokens": 6, "total_tokens": 173, "token_count_source": "tokenizer", "diffusion_steps": null, "flops_estimate": null, "flops_arch": null, "flops_model_params": null, "flops_active_params": null, "tokens_non_final": 3, "tokens_reasoning": 0, "tokens_response": 3, "elapsed_seconds": 0.20333313941955566, "judgement": "Good approximation"}
{"id": "travel_time_000548", "topic": "travel_time", "subtopic": "drive_time", "prompt": "You need to travel about 71 miles at around 65 mph. About how many hours will it take?", "exact_value": 1.0953846153846154, "model": "qwen/qwen2.5-3b-instruct", "provider": "transformers", "response": "Final answer: 3", "numeric_answer": 3.0, "relative_error": 1.7387640449438202, "thinking_text": null, "has_tool_call": false, "tool_call": null, "usage": {"prompt_tokens": 166, "completion_tokens": 6, "total_tokens": 172, "token_count_source": "tokenizer"}, "decoding": {"temperature": 0.2, "top_p": null, "top_k": null, "max_tokens": 256, "seed": 42}, "prompt_tokens": 166, "completion_tokens": 6, "total_tokens": 172, "token_count_source": "tokenizer", "diffusion_steps": null, "flops_estimate": null, "flops_arch": null, "flops_model_params": null, "flops_active_params": null, "tokens_non_final": 3, "tokens_reasoning": 0, "tokens_response": 3, "elapsed_seconds": 0.20829415321350098, "judgement": "Way off"}
{"id": "travel_time_000568", "topic": "travel_time", "subtopic": "drive_time", "prompt": "You need to travel about 167 miles at around 45 mph. About how many hours will it take?", "exact_value": 3.7022222222222223, "model": "qwen/qwen2.5-3b-instruct", "provider": "transformers", "response": "Final answer: 5", "numeric_answer": 5.0, "relative_error": 0.35054021608643454, "thinking_text": null, "has_tool_call": false, "tool_call": null, "usage": {"prompt_tokens": 167, "completion_tokens": 6, "total_tokens": 173, "token_count_source": "tokenizer"}, "decoding": {"temperature": 0.2, "top_p": null, "top_k": null, "max_tokens": 256, "seed": 42}, "prompt_tokens": 167, "completion_tokens": 6, "total_tokens": 173, "token_count_source": "tokenizer", "diffusion_steps": null, "flops_estimate": null, "flops_arch": null, "flops_model_params": null, "flops_active_params": null, "tokens_non_final": 3, "tokens_reasoning": 0, "tokens_response": 3, "elapsed_seconds": 0.19708514213562012, "judgement": "Mildly off"}
{"id": "travel_time_000588", "topic": "travel_time", "subtopic": "drive_time", "prompt": "You need to travel about 59 miles at around 25 mph. About how many hours will it take?", "exact_value": 2.344, "model": "qwen/qwen2.5-3b-instruct", "provider": "transformers", "response": "Final answer: 3", "numeric_answer": 3.0, "relative_error": 0.279863481228669, "thinking_text": null, "has_tool_call": false, "tool_call": null, "usage": {"prompt_tokens": 166, "completion_tokens": 6, "total_tokens": 172, "token_count_source": "tokenizer"}, "decoding": {"temperature": 0.2, "top_p": null, "top_k": null, "max_tokens": 256, "seed": 42}, "prompt_tokens": 166, "completion_tokens": 6, "total_tokens": 172, "token_count_source": "tokenizer", "diffusion_steps": null, "flops_estimate": null, "flops_arch": null, "flops_model_params": null, "flops_active_params": null, "tokens_non_final": 3, "tokens_reasoning": 0, "tokens_response": 3, "elapsed_seconds": 0.19861125946044922, "judgement": "Mildly off"}
{"id": "travel_time_000608", "topic": "travel_time", "subtopic": "drive_time", "prompt": "You need to travel about 87 miles at around 25 mph. About how many hours will it take?", "exact_value": 3.468, "model": "qwen/qwen2.5-3b-instruct", "provider": "transformers", "response": "Final answer: 5", "numeric_answer": 5.0, "relative_error": 0.4417531718569781, "thinking_text": null, "has_tool_call": false, "tool_call": null, "usage": {"prompt_tokens": 166, "completion_tokens": 6, "total_tokens": 172, "token_count_source": "tokenizer"}, "decoding": {"temperature": 0.2, "top_p": null, "top_k": null, "max_tokens": 256, "seed": 42}, "prompt_tokens": 166, "completion_tokens": 6, "total_tokens": 172, "token_count_source": "tokenizer", "diffusion_steps": null, "flops_estimate": null, "flops_arch": null, "flops_model_params": null, "flops_active_params": null, "tokens_non_final": 3, "tokens_reasoning": 0, "tokens_response": 3, "elapsed_seconds": 0.20569562911987305, "judgement": "Mildly off"}
{"id": "travel_time_000628", "topic": "travel_time", "subtopic": "drive_time", "prompt": "You need to travel about 236 miles at around 45 mph. About how many hours will it take?", "exact_value": 5.2444444444444445, "model": "qwen/qwen2.5-3b-instruct", "provider": "transformers", "response": "Final answer: 5", "numeric_answer": 5.0, "relative_error": 0.046610169491525424, "thinking_text": null, "has_tool_call": false, "tool_call": null, "usage": {"prompt_tokens": 167, "completion_tokens": 6, "total_tokens": 173, "token_count_source": "tokenizer"}, "decoding": {"temperature": 0.2, "top_p": null, "top_k": null, "max_tokens": 256, "seed": 42}, "prompt_tokens": 167, "completion_tokens": 6, "total_tokens": 173, "token_count_source": "tokenizer", "diffusion_steps": null, "flops_estimate": null, "flops_arch": null, "flops_model_params": null, "flops_active_params": null, "tokens_non_final": 3, "tokens_reasoning": 0, "tokens_response": 3, "elapsed_seconds": 0.206878662109375, "judgement": "Good approximation"}
{"id": "travel_time_000648", "topic": "travel_time", "subtopic": "drive_time", "prompt": "You need to travel about 202 miles at around 45 mph. About how many hours will it take?", "exact_value": 4.497777777777778, "model": "qwen/qwen2.5-3b-instruct", "provider": "transformers", "response": "Final answer: 5", "numeric_answer": 5.0, "relative_error": 0.11166007905138327, "thinking_text": null, "has_tool_call": false, "tool_call": null, "usage": {"prompt_tokens": 167, "completion_tokens": 6, "total_tokens": 173, "token_count_source": "tokenizer"}, "decoding": {"temperature": 0.2, "top_p": null, "top_k": null, "max_tokens": 256, "seed": 42}, "prompt_tokens": 167, "completion_tokens": 6, "total_tokens": 173, "token_count_source": "tokenizer", "diffusion_steps": null, "flops_estimate": null, "flops_arch": null, "flops_model_params": null, "flops_active_params": null, "tokens_non_final": 3, "tokens_reasoning": 0, "tokens_response": 3, "elapsed_seconds": 0.19267678260803223, "judgement": "Good approximation"}
{"id": "travel_time_000668", "topic": "travel_time", "subtopic": "drive_time", "prompt": "You need to travel about 140 miles at around 25 mph. About how many hours will it take?", "exact_value": 5.6160000000000005, "model": "qwen/qwen2.5-3b-instruct", "provider": "transformers", "response": "Final answer: 5", "numeric_answer": 5.0, "relative_error": 0.10968660968660977, "thinking_text": null, "has_tool_call": false, "tool_call": null, "usage": {"prompt_tokens": 167, "completion_tokens": 6, "total_tokens": 173, "token_count_source": "tokenizer"}, "decoding": {"temperature": 0.2, "top_p": null, "top_k": null, "max_tokens": 256, "seed": 42}, "prompt_tokens": 167, "completion_tokens": 6, "total_tokens": 173, "token_count_source": "tokenizer", "diffusion_steps": null, "flops_estimate": null, "flops_arch": null, "flops_model_params": null, "flops_active_params": null, "tokens_non_final": 3, "tokens_reasoning": 0, "tokens_response": 3, "elapsed_seconds": 0.21109390258789062, "judgement": "Good approximation"}
{"id": "travel_time_000688", "topic": "travel_time", "subtopic": "drive_time", "prompt": "You need to travel about 10 miles at around 65 mph. About how many hours will it take?", "exact_value": 0.1523076923076923, "model": "qwen/qwen2.5-3b-instruct", "provider": "transformers", "response": "Final answer: 5", "numeric_answer": 5.0, "relative_error": 31.828282828282827, "thinking_text": null, "has_tool_call": false, "tool_call": null, "usage": {"prompt_tokens": 166, "completion_tokens": 6, "total_tokens": 172, "token_count_source": "tokenizer"}, "decoding": {"temperature": 0.2, "top_p": null, "top_k": null, "max_tokens": 256, "seed": 42}, "prompt_tokens": 166, "completion_tokens": 6, "total_tokens": 172, "token_count_source": "tokenizer", "diffusion_steps": null, "flops_estimate": null, "flops_arch": null, "flops_model_params": null, "flops_active_params": null, "tokens_non_final": 3, "tokens_reasoning": 0, "tokens_response": 3, "elapsed_seconds": 0.2054460048675537, "judgement": "Way off"}
{"id": "travel_time_000708", "topic": "travel_time", "subtopic": "drive_time", "prompt": "You need to travel about 187 miles at around 35 mph. About how many hours will it take?", "exact_value": 5.345714285714285, "model": "qwen/qwen2.5-3b-instruct", "provider": "transformers", "response": "Final answer: 5", "numeric_answer": 5.0, "relative_error": 0.06467129877071076, "thinking_text": null, "has_tool_call": false, "tool_call": null, "usage": {"prompt_tokens": 167, "completion_tokens": 6, "total_tokens": 173, "token_count_source": "tokenizer"}, "decoding": {"temperature": 0.2, "top_p": null, "top_k": null, "max_tokens": 256, "seed": 42}, "prompt_tokens": 167, "completion_tokens": 6, "total_tokens": 173, "token_count_source": "tokenizer", "diffusion_steps": null, "flops_estimate": null, "flops_arch": null, "flops_model_params": null, "flops_active_params": null, "tokens_non_final": 3, "tokens_reasoning": 0, "tokens_response": 3, "elapsed_seconds": 0.1911482810974121, "judgement": "Good approximation"}
{"id": "travel_time_000728", "topic": "travel_time", "subtopic": "drive_time", "prompt": "You need to travel about 85 miles at around 35 mph. About how many hours will it take?", "exact_value": 2.42, "model": "qwen/qwen2.5-3b-instruct", "provider": "transformers", "response": "Final answer: 5", "numeric_answer": 5.0, "relative_error": 1.0661157024793388, "thinking_text": null, "has_tool_call": false, "tool_call": null, "usage": {"prompt_tokens": 166, "completion_tokens": 6, "total_tokens": 172, "token_count_source": "tokenizer"}, "decoding": {"temperature": 0.2, "top_p": null, "top_k": null, "max_tokens": 256, "seed": 42}, "prompt_tokens": 166, "completion_tokens": 6, "total_tokens": 172, "token_count_source": "tokenizer", "diffusion_steps": null, "flops_estimate": null, "flops_arch": null, "flops_model_params": null, "flops_active_params": null, "tokens_non_final": 3, "tokens_reasoning": 0, "tokens_response": 3, "elapsed_seconds": 0.21062493324279785, "judgement": "Way off"}
{"id": "travel_time_000748", "topic": "travel_time", "subtopic": "drive_time", "prompt": "You need to travel about 45 miles at around 55 mph. About how many hours will it take?", "exact_value": 0.8200000000000001, "model": "qwen/qwen2.5-3b-instruct", "provider": "transformers", "response": "Final answer: 2", "numeric_answer": 2.0, "relative_error": 1.4390243902439022, "thinking_text": null, "has_tool_call": false, "tool_call": null, "usage": {"prompt_tokens": 166, "completion_tokens": 6, "total_tokens": 172, "token_count_source": "tokenizer"}, "decoding": {"temperature": 0.2, "top_p": null, "top_k": null, "max_tokens": 256, "seed": 42}, "prompt_tokens": 166, "completion_tokens": 6, "total_tokens": 172, "token_count_source": "tokenizer", "diffusion_steps": null, "flops_estimate": null, "flops_arch": null, "flops_model_params": null, "flops_active_params": null, "tokens_non_final": 3, "tokens_reasoning": 0, "tokens_response": 3, "elapsed_seconds": 0.20624756813049316, "judgement": "Way off"}
{"id": "travel_time_000768", "topic": "travel_time", "subtopic": "drive_time", "prompt": "You need to travel about 174 miles at around 55 mph. About how many hours will it take?", "exact_value": 3.1563636363636363, "model": "qwen/qwen2.5-3b-instruct", "provider": "transformers", "response": "Final answer: 3", "numeric_answer": 3.0, "relative_error": 0.04953917050691241, "thinking_text": null, "has_tool_call": false, "tool_call": null, "usage": {"prompt_tokens": 167, "completion_tokens": 6, "total_tokens": 173, "token_count_source": "tokenizer"}, "decoding": {"temperature": 0.2, "top_p": null, "top_k": null, "max_tokens": 256, "seed": 42}, "prompt_tokens": 167, "completion_tokens": 6, "total_tokens": 173, "token_count_source": "tokenizer", "diffusion_steps": null, "flops_estimate": null, "flops_arch": null, "flops_model_params": null, "flops_active_params": null, "tokens_non_final": 3, "tokens_reasoning": 0, "tokens_response": 3, "elapsed_seconds": 0.19478392601013184, "judgement": "Good approximation"}
{"id": "travel_time_000788", "topic": "travel_time", "subtopic": "drive_time", "prompt": "You need to travel about 88 miles at around 65 mph. About how many hours will it take?", "exact_value": 1.3507692307692307, "model": "qwen/qwen2.5-3b-instruct", "provider": "transformers", "response": "Final answer: 5", "numeric_answer": 5.0, "relative_error": 2.7015945330296125, "thinking_text": null, "has_tool_call": false, "tool_call": null, "usage": {"prompt_tokens": 166, "completion_tokens": 6, "total_tokens": 172, "token_count_source": "tokenizer"}, "decoding": {"temperature": 0.2, "top_p": null, "top_k": null, "max_tokens": 256, "seed": 42}, "prompt_tokens": 166, "completion_tokens": 6, "total_tokens": 172, "token_count_source": "tokenizer", "diffusion_steps": null, "flops_estimate": null, "flops_arch": null, "flops_model_params": null, "flops_active_params": null, "tokens_non_final": 3, "tokens_reasoning": 0, "tokens_response": 3, "elapsed_seconds": 0.19740581512451172, "judgement": "Way off"}
{"id": "travel_time_000808", "topic": "travel_time", "subtopic": "drive_time", "prompt": "You need to travel about 224 miles at around 35 mph. About how many hours will it take?", "exact_value": 6.402857142857143, "model": "qwen/qwen2.5-3b-instruct", "provider": "transformers", "response": "Final answer: 5", "numeric_answer": 5.0, "relative_error": 0.21909861668897815, "thinking_text": null, "has_tool_call": false, "tool_call": null, "usage": {"prompt_tokens": 167, "completion_tokens": 6, "total_tokens": 173, "token_count_source": "tokenizer"}, "decoding": {"temperature": 0.2, "top_p": null, "top_k": null, "max_tokens": 256, "seed": 42}, "prompt_tokens": 167, "completion_tokens": 6, "total_tokens": 173, "token_count_source": "tokenizer", "diffusion_steps": null, "flops_estimate": null, "flops_arch": null, "flops_model_params": null, "flops_active_params": null, "tokens_non_final": 3, "tokens_reasoning": 0, "tokens_response": 3, "elapsed_seconds": 0.20201969146728516, "judgement": "Mildly off"}
{"id": "travel_time_000828", "topic": "travel_time", "subtopic": "drive_time", "prompt": "You need to travel about 153 miles at around 45 mph. About how many hours will it take?", "exact_value": 3.391111111111111, "model": "qwen/qwen2.5-3b-instruct", "provider": "transformers", "response": "Final answer: 5", "numeric_answer": 5.0, "relative_error": 0.4744429882044562, "thinking_text": null, "has_tool_call": false, "tool_call": null, "usage": {"prompt_tokens": 167, "completion_tokens": 6, "total_tokens": 173, "token_count_source": "tokenizer"}, "decoding": {"temperature": 0.2, "top_p": null, "top_k": null, "max_tokens": 256, "seed": 42}, "prompt_tokens": 167, "completion_tokens": 6, "total_tokens": 173, "token_count_source": "tokenizer", "diffusion_steps": null, "flops_estimate": null, "flops_arch": null, "flops_model_params": null, "flops_active_params": null, "tokens_non_final": 3, "tokens_reasoning": 0, "tokens_response": 3, "elapsed_seconds": 0.20946502685546875, "judgement": "Mildly off"}
{"id": "travel_time_000848", "topic": "travel_time", "subtopic": "drive_time", "prompt": "You need to travel about 192 miles at around 25 mph. About how many hours will it take?", "exact_value": 7.7, "model": "qwen/qwen2.5-3b-instruct", "provider": "transformers", "response": "Final answer: 5", "numeric_answer": 5.0, "relative_error": 0.35064935064935066, "thinking_text": null, "has_tool_call": false, "tool_call": null, "usage": {"prompt_tokens": 167, "completion_tokens": 6, "total_tokens": 173, "token_count_source": "tokenizer"}, "decoding": {"temperature": 0.2, "top_p": null, "top_k": null, "max_tokens": 256, "seed": 42}, "prompt_tokens": 167, "completion_tokens": 6, "total_tokens": 173, "token_count_source": "tokenizer", "diffusion_steps": null, "flops_estimate": null, "flops_arch": null, "flops_model_params": null, "flops_active_params": null, "tokens_non_final": 3, "tokens_reasoning": 0, "tokens_response": 3, "elapsed_seconds": 0.22370147705078125, "judgement": "Mildly off"}
{"id": "travel_time_000868", "topic": "travel_time", "subtopic": "drive_time", "prompt": "You need to travel about 145 miles at around 25 mph. About how many hours will it take?", "exact_value": 5.792000000000001, "model": "qwen/qwen2.5-3b-instruct", "provider": "transformers", "response": "Final answer: 5", "numeric_answer": 5.0, "relative_error": 0.1367403314917128, "thinking_text": null, "has_tool_call": false, "tool_call": null, "usage": {"prompt_tokens": 167, "completion_tokens": 6, "total_tokens": 173, "token_count_source": "tokenizer"}, "decoding": {"temperature": 0.2, "top_p": null, "top_k": null, "max_tokens": 256, "seed": 42}, "prompt_tokens": 167, "completion_tokens": 6, "total_tokens": 173, "token_count_source": "tokenizer", "diffusion_steps": null, "flops_estimate": null, "flops_arch": null, "flops_model_params": null, "flops_active_params": null, "tokens_non_final": 3, "tokens_reasoning": 0, "tokens_response": 3, "elapsed_seconds": 0.22906732559204102, "judgement": "Good approximation"}
{"id": "travel_time_000888", "topic": "travel_time", "subtopic": "drive_time", "prompt": "You need to travel about 231 miles at around 45 mph. About how many hours will it take?", "exact_value": 5.1288888888888895, "model": "qwen/qwen2.5-3b-instruct", "provider": "transformers", "response": "Final answer: 5", "numeric_answer": 5.0, "relative_error": 0.025129982668977584, "thinking_text": null, "has_tool_call": false, "tool_call": null, "usage": {"prompt_tokens": 167, "completion_tokens": 6, "total_tokens": 173, "token_count_source": "tokenizer"}, "decoding": {"temperature": 0.2, "top_p": null, "top_k": null, "max_tokens": 256, "seed": 42}, "prompt_tokens": 167, "completion_tokens": 6, "total_tokens": 173, "token_count_source": "tokenizer", "diffusion_steps": null, "flops_estimate": null, "flops_arch": null, "flops_model_params": null, "flops_active_params": null, "tokens_non_final": 3, "tokens_reasoning": 0, "tokens_response": 3, "elapsed_seconds": 0.21751070022583008, "judgement": "Good approximation"}
{"id": "travel_time_000908", "topic": "travel_time", "subtopic": "drive_time", "prompt": "You need to travel about 116 miles at around 55 mph. About how many hours will it take?", "exact_value": 2.1163636363636367, "model": "qwen/qwen2.5-3b-instruct", "provider": "transformers", "response": "Final answer: 5", "numeric_answer": 5.0, "relative_error": 1.36254295532646, "thinking_text": null, "has_tool_call": false, "tool_call": null, "usage": {"prompt_tokens": 167, "completion_tokens": 6, "total_tokens": 173, "token_count_source": "tokenizer"}, "decoding": {"temperature": 0.2, "top_p": null, "top_k": null, "max_tokens": 256, "seed": 42}, "prompt_tokens": 167, "completion_tokens": 6, "total_tokens": 173, "token_count_source": "tokenizer", "diffusion_steps": null, "flops_estimate": null, "flops_arch": null, "flops_model_params": null, "flops_active_params": null, "tokens_non_final": 3, "tokens_reasoning": 0, "tokens_response": 3, "elapsed_seconds": 0.21067094802856445, "judgement": "Way off"}
{"id": "travel_time_000928", "topic": "travel_time", "subtopic": "drive_time", "prompt": "You need to travel about 63 miles at around 55 mph. About how many hours will it take?", "exact_value": 1.1454545454545455, "model": "qwen/qwen2.5-3b-instruct", "provider": "transformers", "response": "Final answer: 2", "numeric_answer": 2.0, "relative_error": 0.7460317460317459, "thinking_text": null, "has_tool_call": false, "tool_call": null, "usage": {"prompt_tokens": 166, "completion_tokens": 6, "total_tokens": 172, "token_count_source": "tokenizer"}, "decoding": {"temperature": 0.2, "top_p": null, "top_k": null, "max_tokens": 256, "seed": 42}, "prompt_tokens": 166, "completion_tokens": 6, "total_tokens": 172, "token_count_source": "tokenizer", "diffusion_steps": null, "flops_estimate": null, "flops_arch": null, "flops_model_params": null, "flops_active_params": null, "tokens_non_final": 3, "tokens_reasoning": 0, "tokens_response": 3, "elapsed_seconds": 0.20506715774536133, "judgement": "Way off"}
{"id": "travel_time_000948", "topic": "travel_time", "subtopic": "drive_time", "prompt": "You need to travel about 186 miles at around 65 mph. About how many hours will it take?", "exact_value": 2.8584615384615386, "model": "qwen/qwen2.5-3b-instruct", "provider": "transformers", "response": "Final answer: 5", "numeric_answer": 5.0, "relative_error": 0.7491926803013993, "thinking_text": null, "has_tool_call": false, "tool_call": null, "usage": {"prompt_tokens": 167, "completion_tokens": 6, "total_tokens": 173, "token_count_source": "tokenizer"}, "decoding": {"temperature": 0.2, "top_p": null, "top_k": null, "max_tokens": 256, "seed": 42}, "prompt_tokens": 167, "completion_tokens": 6, "total_tokens": 173, "token_count_source": "tokenizer", "diffusion_steps": null, "flops_estimate": null, "flops_arch": null, "flops_model_params": null, "flops_active_params": null, "tokens_non_final": 3, "tokens_reasoning": 0, "tokens_response": 3, "elapsed_seconds": 0.20004034042358398, "judgement": "Way off"}
{"id": "travel_time_000968", "topic": "travel_time", "subtopic": "drive_time", "prompt": "You need to travel about 108 miles at around 55 mph. About how many hours will it take?", "exact_value": 1.9672727272727273, "model": "qwen/qwen2.5-3b-instruct", "provider": "transformers", "response": "Final answer: 5", "numeric_answer": 5.0, "relative_error": 1.5415896487985212, "thinking_text": null, "has_tool_call": false, "tool_call": null, "usage": {"prompt_tokens": 167, "completion_tokens": 6, "total_tokens": 173, "token_count_source": "tokenizer"}, "decoding": {"temperature": 0.2, "top_p": null, "top_k": null, "max_tokens": 256, "seed": 42}, "prompt_tokens": 167, "completion_tokens": 6, "total_tokens": 173, "token_count_source": "tokenizer", "diffusion_steps": null, "flops_estimate": null, "flops_arch": null, "flops_model_params": null, "flops_active_params": null, "tokens_non_final": 3, "tokens_reasoning": 0, "tokens_response": 3, "elapsed_seconds": 0.21221303939819336, "judgement": "Way off"}
{"id": "travel_time_000988", "topic": "travel_time", "subtopic": "drive_time", "prompt": "You need to travel about 156 miles at around 55 mph. About how many hours will it take?", "exact_value": 2.838181818181818, "model": "qwen/qwen2.5-3b-instruct", "provider": "transformers", "response": "Final answer: 3", "numeric_answer": 3.0, "relative_error": 0.05701473414477909, "thinking_text": null, "has_tool_call": false, "tool_call": null, "usage": {"prompt_tokens": 167, "completion_tokens": 6, "total_tokens": 173, "token_count_source": "tokenizer"}, "decoding": {"temperature": 0.2, "top_p": null, "top_k": null, "max_tokens": 256, "seed": 42}, "prompt_tokens": 167, "completion_tokens": 6, "total_tokens": 173, "token_count_source": "tokenizer", "diffusion_steps": null, "flops_estimate": null, "flops_arch": null, "flops_model_params": null, "flops_active_params": null, "tokens_non_final": 3, "tokens_reasoning": 0, "tokens_response": 3, "elapsed_seconds": 0.19619321823120117, "judgement": "Good approximation"}
{"id": "travel_time_001008", "topic": "travel_time", "subtopic": "drive_time", "prompt": "You need to travel about 74 miles at around 25 mph. About how many hours will it take?", "exact_value": 2.948, "model": "qwen/qwen2.5-3b-instruct", "provider": "transformers", "response": "Final answer: 5", "numeric_answer": 5.0, "relative_error": 0.6960651289009498, "thinking_text": null, "has_tool_call": false, "tool_call": null, "usage": {"prompt_tokens": 166, "completion_tokens": 6, "total_tokens": 172, "token_count_source": "tokenizer"}, "decoding": {"temperature": 0.2, "top_p": null, "top_k": null, "max_tokens": 256, "seed": 42}, "prompt_tokens": 166, "completion_tokens": 6, "total_tokens": 172, "token_count_source": "tokenizer", "diffusion_steps": null, "flops_estimate": null, "flops_arch": null, "flops_model_params": null, "flops_active_params": null, "tokens_non_final": 3, "tokens_reasoning": 0, "tokens_response": 3, "elapsed_seconds": 0.19594359397888184, "judgement": "Way off"}
{"id": "travel_time_001028", "topic": "travel_time", "subtopic": "drive_time", "prompt": "You need to travel about 51 miles at around 55 mph. About how many hours will it take?", "exact_value": 0.9309090909090909, "model": "qwen/qwen2.5-3b-instruct", "provider": "transformers", "response": "Final answer: 2", "numeric_answer": 2.0, "relative_error": 1.1484375, "thinking_text": null, "has_tool_call": false, "tool_call": null, "usage": {"prompt_tokens": 166, "completion_tokens": 6, "total_tokens": 172, "token_count_source": "tokenizer"}, "decoding": {"temperature": 0.2, "top_p": null, "top_k": null, "max_tokens": 256, "seed": 42}, "prompt_tokens": 166, "completion_tokens": 6, "total_tokens": 172, "token_count_source": "tokenizer", "diffusion_steps": null, "flops_estimate": null, "flops_arch": null, "flops_model_params": null, "flops_active_params": null, "tokens_non_final": 3, "tokens_reasoning": 0, "tokens_response": 3, "elapsed_seconds": 0.2093801498413086, "judgement": "Way off"}
{"id": "travel_time_001048", "topic": "travel_time", "subtopic": "drive_time", "prompt": "You need to travel about 216 miles at around 35 mph. About how many hours will it take?", "exact_value": 6.180000000000001, "model": "qwen/qwen2.5-3b-instruct", "provider": "transformers", "response": "Final answer: 5", "numeric_answer": 5.0, "relative_error": 0.19093851132686093, "thinking_text": null, "has_tool_call": false, "tool_call": null, "usage": {"prompt_tokens": 167, "completion_tokens": 6, "total_tokens": 173, "token_count_source": "tokenizer"}, "decoding": {"temperature": 0.2, "top_p": null, "top_k": null, "max_tokens": 256, "seed": 42}, "prompt_tokens": 167, "completion_tokens": 6, "total_tokens": 173, "token_count_source": "tokenizer", "diffusion_steps": null, "flops_estimate": null, "flops_arch": null, "flops_model_params": null, "flops_active_params": null, "tokens_non_final": 3, "tokens_reasoning": 0, "tokens_response": 3, "elapsed_seconds": 0.20126891136169434, "judgement": "Good approximation"}
{"id": "travel_time_001068", "topic": "travel_time", "subtopic": "drive_time", "prompt": "You need to travel about 183 miles at around 25 mph. About how many hours will it take?", "exact_value": 7.308, "model": "qwen/qwen2.5-3b-instruct", "provider": "transformers", "response": "Final answer: 5", "numeric_answer": 5.0, "relative_error": 0.3158182813355227, "thinking_text": null, "has_tool_call": false, "tool_call": null, "usage": {"prompt_tokens": 167, "completion_tokens": 6, "total_tokens": 173, "token_count_source": "tokenizer"}, "decoding": {"temperature": 0.2, "top_p": null, "top_k": null, "max_tokens": 256, "seed": 42}, "prompt_tokens": 167, "completion_tokens": 6, "total_tokens": 173, "token_count_source": "tokenizer", "diffusion_steps": null, "flops_estimate": null, "flops_arch": null, "flops_model_params": null, "flops_active_params": null, "tokens_non_final": 3, "tokens_reasoning": 0, "tokens_response": 3, "elapsed_seconds": 0.20357346534729004, "judgement": "Mildly off"}
{"id": "physics_estimate_000112", "topic": "physics_estimate", "subtopic": "fill_rate", "prompt": "A faucet fills 40 liters at about 6 liters per minute. About how many minutes does it take?", "exact_value": 6.666666666666667, "model": "qwen/qwen2.5-3b-instruct", "provider": "transformers", "response": "Final answer: 5", "numeric_answer": 5.0, "relative_error": 0.25000000000000006, "thinking_text": null, "has_tool_call": false, "tool_call": null, "usage": {"prompt_tokens": 165, "completion_tokens": 6, "total_tokens": 171, "token_count_source": "tokenizer"}, "decoding": {"temperature": 0.2, "top_p": null, "top_k": null, "max_tokens": 256, "seed": 42}, "prompt_tokens": 165, "completion_tokens": 6, "total_tokens": 171, "token_count_source": "tokenizer", "diffusion_steps": null, "flops_estimate": null, "flops_arch": null, "flops_model_params": null, "flops_active_params": null, "tokens_non_final": 3, "tokens_reasoning": 0, "tokens_response": 3, "elapsed_seconds": 0.21826577186584473, "judgement": "Mildly off"}
{"id": "physics_estimate_000132", "topic": "physics_estimate", "subtopic": "fill_rate", "prompt": "A faucet fills 10 liters at about 6 liters per minute. About how many minutes does it take?", "exact_value": 1.6666666666666667, "model": "qwen/qwen2.5-3b-instruct", "provider": "transformers", "response": "Final answer: 5", "numeric_answer": 5.0, "relative_error": 1.9999999999999998, "thinking_text": null, "has_tool_call": false, "tool_call": null, "usage": {"prompt_tokens": 165, "completion_tokens": 6, "total_tokens": 171, "token_count_source": "tokenizer"}, "decoding": {"temperature": 0.2, "top_p": null, "top_k": null, "max_tokens": 256, "seed": 42}, "prompt_tokens": 165, "completion_tokens": 6, "total_tokens": 171, "token_count_source": "tokenizer", "diffusion_steps": null, "flops_estimate": null, "flops_arch": null, "flops_model_params": null, "flops_active_params": null, "tokens_non_final": 3, "tokens_reasoning": 0, "tokens_response": 3, "elapsed_seconds": 0.19971632957458496, "judgement": "Way off"}
{"id": "physics_estimate_000152", "topic": "physics_estimate", "subtopic": "fill_rate", "prompt": "A faucet fills 10 liters at about 7 liters per minute. About how many minutes does it take?", "exact_value": 1.4285714285714286, "model": "qwen/qwen2.5-3b-instruct", "provider": "transformers", "response": "Final answer: 3", "numeric_answer": 3.0, "relative_error": 1.0999999999999999, "thinking_text": null, "has_tool_call": false, "tool_call": null, "usage": {"prompt_tokens": 165, "completion_tokens": 6, "total_tokens": 171, "token_count_source": "tokenizer"}, "decoding": {"temperature": 0.2, "top_p": null, "top_k": null, "max_tokens": 256, "seed": 42}, "prompt_tokens": 165, "completion_tokens": 6, "total_tokens": 171, "token_count_source": "tokenizer", "diffusion_steps": null, "flops_estimate": null, "flops_arch": null, "flops_model_params": null, "flops_active_params": null, "tokens_non_final": 3, "tokens_reasoning": 0, "tokens_response": 3, "elapsed_seconds": 0.20212316513061523, "judgement": "Way off"}
{"id": "physics_estimate_000172", "topic": "physics_estimate", "subtopic": "fill_rate", "prompt": "A faucet fills 15 liters at about 6 liters per minute. About how many minutes does it take?", "exact_value": 2.5, "model": "qwen/qwen2.5-3b-instruct", "provider": "transformers", "response": "Final answer: 3", "numeric_answer": 3.0, "relative_error": 0.2, "thinking_text": null, "has_tool_call": false, "tool_call": null, "usage": {"prompt_tokens": 165, "completion_tokens": 6, "total_tokens": 171, "token_count_source": "tokenizer"}, "decoding": {"temperature": 0.2, "top_p": null, "top_k": null, "max_tokens": 256, "seed": 42}, "prompt_tokens": 165, "completion_tokens": 6, "total_tokens": 171, "token_count_source": "tokenizer", "diffusion_steps": null, "flops_estimate": null, "flops_arch": null, "flops_model_params": null, "flops_active_params": null, "tokens_non_final": 3, "tokens_reasoning": 0, "tokens_response": 3, "elapsed_seconds": 0.20891809463500977, "judgement": "Good approximation"}
{"id": "physics_estimate_000192", "topic": "physics_estimate", "subtopic": "fill_rate", "prompt": "A faucet fills 15 liters at about 8 liters per minute. About how many minutes does it take?", "exact_value": 1.875, "model": "qwen/qwen2.5-3b-instruct", "provider": "transformers", "response": "Final answer: 4", "numeric_answer": 4.0, "relative_error": 1.1333333333333333, "thinking_text": null, "has_tool_call": false, "tool_call": null, "usage": {"prompt_tokens": 165, "completion_tokens": 6, "total_tokens": 171, "token_count_source": "tokenizer"}, "decoding": {"temperature": 0.2, "top_p": null, "top_k": null, "max_tokens": 256, "seed": 42}, "prompt_tokens": 165, "completion_tokens": 6, "total_tokens": 171, "token_count_source": "tokenizer", "diffusion_steps": null, "flops_estimate": null, "flops_arch": null, "flops_model_params": null, "flops_active_params": null, "tokens_non_final": 3, "tokens_reasoning": 0, "tokens_response": 3, "elapsed_seconds": 0.2085871696472168, "judgement": "Way off"}
{"id": "physics_estimate_000212", "topic": "physics_estimate", "subtopic": "fill_rate", "prompt": "A faucet fills 50 liters at about 6 liters per minute. About how many minutes does it take?", "exact_value": 8.333333333333334, "model": "qwen/qwen2.5-3b-instruct", "provider": "transformers", "response": "Final answer: 2", "numeric_answer": 2.0, "relative_error": 0.76, "thinking_text": null, "has_tool_call": false, "tool_call": null, "usage": {"prompt_tokens": 165, "completion_tokens": 6, "total_tokens": 171, "token_count_source": "tokenizer"}, "decoding": {"temperature": 0.2, "top_p": null, "top_k": null, "max_tokens": 256, "seed": 42}, "prompt_tokens": 165, "completion_tokens": 6, "total_tokens": 171, "token_count_source": "tokenizer", "diffusion_steps": null, "flops_estimate": null, "flops_arch": null, "flops_model_params": null, "flops_active_params": null, "tokens_non_final": 3, "tokens_reasoning": 0, "tokens_response": 3, "elapsed_seconds": 0.19459152221679688, "judgement": "Way off"}
{"id": "physics_estimate_000232", "topic": "physics_estimate", "subtopic": "fill_rate", "prompt": "A faucet fills 20 liters at about 4 liters per minute. About how many minutes does it take?", "exact_value": 5.0, "model": "qwen/qwen2.5-3b-instruct", "provider": "transformers", "response": "Final answer: 5", "numeric_answer": 5.0, "relative_error": 0.0, "thinking_text": null, "has_tool_call": false, "tool_call": null, "usage": {"prompt_tokens": 165, "completion_tokens": 6, "total_tokens": 171, "token_count_source": "tokenizer"}, "decoding": {"temperature": 0.2, "top_p": null, "top_k": null, "max_tokens": 256, "seed": 42}, "prompt_tokens": 165, "completion_tokens": 6, "total_tokens": 171, "token_count_source": "tokenizer", "diffusion_steps": null, "flops_estimate": null, "flops_arch": null, "flops_model_params": null, "flops_active_params": null, "tokens_non_final": 3, "tokens_reasoning": 0, "tokens_response": 3, "elapsed_seconds": 0.21268820762634277, "judgement": "Exact math"}
{"id": "physics_estimate_000252", "topic": "physics_estimate", "subtopic": "fill_rate", "prompt": "A faucet fills 30 liters at about 5 liters per minute. About how many minutes does it take?", "exact_value": 6.0, "model": "qwen/qwen2.5-3b-instruct", "provider": "transformers", "response": "Final answer: 5", "numeric_answer": 5.0, "relative_error": 0.16666666666666666, "thinking_text": null, "has_tool_call": false, "tool_call": null, "usage": {"prompt_tokens": 165, "completion_tokens": 6, "total_tokens": 171, "token_count_source": "tokenizer"}, "decoding": {"temperature": 0.2, "top_p": null, "top_k": null, "max_tokens": 256, "seed": 42}, "prompt_tokens": 165, "completion_tokens": 6, "total_tokens": 171, "token_count_source": "tokenizer", "diffusion_steps": null, "flops_estimate": null, "flops_arch": null, "flops_model_params": null, "flops_active_params": null, "tokens_non_final": 3, "tokens_reasoning": 0, "tokens_response": 3, "elapsed_seconds": 0.20827865600585938, "judgement": "Good approximation"}
{"id": "physics_estimate_000272", "topic": "physics_estimate", "subtopic": "fill_rate", "prompt": "A faucet fills 50 liters at about 6 liters per minute. About how many minutes does it take?", "exact_value": 8.333333333333334, "model": "qwen/qwen2.5-3b-instruct", "provider": "transformers", "response": "Final answer: 2", "numeric_answer": 2.0, "relative_error": 0.76, "thinking_text": null, "has_tool_call": false, "tool_call": null, "usage": {"prompt_tokens": 165, "completion_tokens": 6, "total_tokens": 171, "token_count_source": "tokenizer"}, "decoding": {"temperature": 0.2, "top_p": null, "top_k": null, "max_tokens": 256, "seed": 42}, "prompt_tokens": 165, "completion_tokens": 6, "total_tokens": 171, "token_count_source": "tokenizer", "diffusion_steps": null, "flops_estimate": null, "flops_arch": null, "flops_model_params": null, "flops_active_params": null, "tokens_non_final": 3, "tokens_reasoning": 0, "tokens_response": 3, "elapsed_seconds": 0.1942458152770996, "judgement": "Way off"}
{"id": "physics_estimate_000292", "topic": "physics_estimate", "subtopic": "fill_rate", "prompt": "A faucet fills 20 liters at about 4 liters per minute. About how many minutes does it take?", "exact_value": 5.0, "model": "qwen/qwen2.5-3b-instruct", "provider": "transformers", "response": "Final answer: 3", "numeric_answer": 3.0, "relative_error": 0.4, "thinking_text": null, "has_tool_call": false, "tool_call": null, "usage": {"prompt_tokens": 165, "completion_tokens": 6, "total_tokens": 171, "token_count_source": "tokenizer"}, "decoding": {"temperature": 0.2, "top_p": null, "top_k": null, "max_tokens": 256, "seed": 42}, "prompt_tokens": 165, "completion_tokens": 6, "total_tokens": 171, "token_count_source": "tokenizer", "diffusion_steps": null, "flops_estimate": null, "flops_arch": null, "flops_model_params": null, "flops_active_params": null, "tokens_non_final": 3, "tokens_reasoning": 0, "tokens_response": 3, "elapsed_seconds": 0.20454025268554688, "judgement": "Mildly off"}
{"id": "physics_estimate_000312", "topic": "physics_estimate", "subtopic": "fill_rate", "prompt": "A faucet fills 15 liters at about 4 liters per minute. About how many minutes does it take?", "exact_value": 3.75, "model": "qwen/qwen2.5-3b-instruct", "provider": "transformers", "response": "Final answer: 2", "numeric_answer": 2.0, "relative_error": 0.4666666666666667, "thinking_text": null, "has_tool_call": false, "tool_call": null, "usage": {"prompt_tokens": 165, "completion_tokens": 6, "total_tokens": 171, "token_count_source": "tokenizer"}, "decoding": {"temperature": 0.2, "top_p": null, "top_k": null, "max_tokens": 256, "seed": 42}, "prompt_tokens": 165, "completion_tokens": 6, "total_tokens": 171, "token_count_source": "tokenizer", "diffusion_steps": null, "flops_estimate": null, "flops_arch": null, "flops_model_params": null, "flops_active_params": null, "tokens_non_final": 3, "tokens_reasoning": 0, "tokens_response": 3, "elapsed_seconds": 0.20946383476257324, "judgement": "Mildly off"}
{"id": "physics_estimate_000332", "topic": "physics_estimate", "subtopic": "fill_rate", "prompt": "A faucet fills 15 liters at about 5 liters per minute. About how many minutes does it take?", "exact_value": 3.0, "model": "qwen/qwen2.5-3b-instruct", "provider": "transformers", "response": "Final answer: 5", "numeric_answer": 5.0, "relative_error": 0.6666666666666666, "thinking_text": null, "has_tool_call": false, "tool_call": null, "usage": {"prompt_tokens": 165, "completion_tokens": 6, "total_tokens": 171, "token_count_source": "tokenizer"}, "decoding": {"temperature": 0.2, "top_p": null, "top_k": null, "max_tokens": 256, "seed": 42}, "prompt_tokens": 165, "completion_tokens": 6, "total_tokens": 171, "token_count_source": "tokenizer", "diffusion_steps": null, "flops_estimate": null, "flops_arch": null, "flops_model_params": null, "flops_active_params": null, "tokens_non_final": 3, "tokens_reasoning": 0, "tokens_response": 3, "elapsed_seconds": 0.2014622688293457, "judgement": "Way off"}
{"id": "physics_estimate_000352", "topic": "physics_estimate", "subtopic": "fill_rate", "prompt": "A faucet fills 15 liters at about 6 liters per minute. About how many minutes does it take?", "exact_value": 2.5, "model": "qwen/qwen2.5-3b-instruct", "provider": "transformers", "response": "Final answer: 5", "numeric_answer": 5.0, "relative_error": 1.0, "thinking_text": null, "has_tool_call": false, "tool_call": null, "usage": {"prompt_tokens": 165, "completion_tokens": 6, "total_tokens": 171, "token_count_source": "tokenizer"}, "decoding": {"temperature": 0.2, "top_p": null, "top_k": null, "max_tokens": 256, "seed": 42}, "prompt_tokens": 165, "completion_tokens": 6, "total_tokens": 171, "token_count_source": "tokenizer", "diffusion_steps": null, "flops_estimate": null, "flops_arch": null, "flops_model_params": null, "flops_active_params": null, "tokens_non_final": 3, "tokens_reasoning": 0, "tokens_response": 3, "elapsed_seconds": 0.21502423286437988, "judgement": "Way off"}
{"id": "physics_estimate_000372", "topic": "physics_estimate", "subtopic": "fill_rate", "prompt": "A faucet fills 50 liters at about 6 liters per minute. About how many minutes does it take?", "exact_value": 8.333333333333334, "model": "qwen/qwen2.5-3b-instruct", "provider": "transformers", "response": "Final answer: 2", "numeric_answer": 2.0, "relative_error": 0.76, "thinking_text": null, "has_tool_call": false, "tool_call": null, "usage": {"prompt_tokens": 165, "completion_tokens": 6, "total_tokens": 171, "token_count_source": "tokenizer"}, "decoding": {"temperature": 0.2, "top_p": null, "top_k": null, "max_tokens": 256, "seed": 42}, "prompt_tokens": 165, "completion_tokens": 6, "total_tokens": 171, "token_count_source": "tokenizer", "diffusion_steps": null, "flops_estimate": null, "flops_arch": null, "flops_model_params": null, "flops_active_params": null, "tokens_non_final": 3, "tokens_reasoning": 0, "tokens_response": 3, "elapsed_seconds": 0.20406341552734375, "judgement": "Way off"}
{"id": "physics_estimate_000392", "topic": "physics_estimate", "subtopic": "fill_rate", "prompt": "A faucet fills 40 liters at about 7 liters per minute. About how many minutes does it take?", "exact_value": 5.714285714285714, "model": "qwen/qwen2.5-3b-instruct", "provider": "transformers", "response": "Final answer: 3", "numeric_answer": 3.0, "relative_error": 0.47500000000000003, "thinking_text": null, "has_tool_call": false, "tool_call": null, "usage": {"prompt_tokens": 165, "completion_tokens": 6, "total_tokens": 171, "token_count_source": "tokenizer"}, "decoding": {"temperature": 0.2, "top_p": null, "top_k": null, "max_tokens": 256, "seed": 42}, "prompt_tokens": 165, "completion_tokens": 6, "total_tokens": 171, "token_count_source": "tokenizer", "diffusion_steps": null, "flops_estimate": null, "flops_arch": null, "flops_model_params": null, "flops_active_params": null, "tokens_non_final": 3, "tokens_reasoning": 0, "tokens_response": 3, "elapsed_seconds": 0.21200871467590332, "judgement": "Mildly off"}
{"id": "physics_estimate_000412", "topic": "physics_estimate", "subtopic": "fill_rate", "prompt": "A faucet fills 10 liters at about 7 liters per minute. About how many minutes does it take?", "exact_value": 1.4285714285714286, "model": "qwen/qwen2.5-3b-instruct", "provider": "transformers", "response": "Final answer: 3", "numeric_answer": 3.0, "relative_error": 1.0999999999999999, "thinking_text": null, "has_tool_call": false, "tool_call": null, "usage": {"prompt_tokens": 165, "completion_tokens": 6, "total_tokens": 171, "token_count_source": "tokenizer"}, "decoding": {"temperature": 0.2, "top_p": null, "top_k": null, "max_tokens": 256, "seed": 42}, "prompt_tokens": 165, "completion_tokens": 6, "total_tokens": 171, "token_count_source": "tokenizer", "diffusion_steps": null, "flops_estimate": null, "flops_arch": null, "flops_model_params": null, "flops_active_params": null, "tokens_non_final": 3, "tokens_reasoning": 0, "tokens_response": 3, "elapsed_seconds": 0.1950232982635498, "judgement": "Way off"}
{"id": "physics_estimate_000432", "topic": "physics_estimate", "subtopic": "fill_rate", "prompt": "A faucet fills 30 liters at about 6 liters per minute. About how many minutes does it take?", "exact_value": 5.0, "model": "qwen/qwen2.5-3b-instruct", "provider": "transformers", "response": "Final answer: 20", "numeric_answer": 20.0, "relative_error": 3.0, "thinking_text": null, "has_tool_call": false, "tool_call": null, "usage": {"prompt_tokens": 165, "completion_tokens": 7, "total_tokens": 172, "token_count_source": "tokenizer"}, "decoding": {"temperature": 0.2, "top_p": null, "top_k": null, "max_tokens": 256, "seed": 42}, "prompt_tokens": 165, "completion_tokens": 7, "total_tokens": 172, "token_count_source": "tokenizer", "diffusion_steps": null, "flops_estimate": null, "flops_arch": null, "flops_model_params": null, "flops_active_params": null, "tokens_non_final": 3, "tokens_reasoning": 0, "tokens_response": 3, "elapsed_seconds": 0.25174403190612793, "judgement": "Way off"}
{"id": "physics_estimate_000452", "topic": "physics_estimate", "subtopic": "fill_rate", "prompt": "A faucet fills 10 liters at about 5 liters per minute. About how many minutes does it take?", "exact_value": 2.0, "model": "qwen/qwen2.5-3b-instruct", "provider": "transformers", "response": "Final answer: 2", "numeric_answer": 2.0, "relative_error": 0.0, "thinking_text": null, "has_tool_call": false, "tool_call": null, "usage": {"prompt_tokens": 165, "completion_tokens": 6, "total_tokens": 171, "token_count_source": "tokenizer"}, "decoding": {"temperature": 0.2, "top_p": null, "top_k": null, "max_tokens": 256, "seed": 42}, "prompt_tokens": 165, "completion_tokens": 6, "total_tokens": 171, "token_count_source": "tokenizer", "diffusion_steps": null, "flops_estimate": null, "flops_arch": null, "flops_model_params": null, "flops_active_params": null, "tokens_non_final": 3, "tokens_reasoning": 0, "tokens_response": 3, "elapsed_seconds": 0.20842909812927246, "judgement": "Exact math"}
{"id": "physics_estimate_000472", "topic": "physics_estimate", "subtopic": "fill_rate", "prompt": "A faucet fills 30 liters at about 6 liters per minute. About how many minutes does it take?", "exact_value": 5.0, "model": "qwen/qwen2.5-3b-instruct", "provider": "transformers", "response": "Final answer: 5", "numeric_answer": 5.0, "relative_error": 0.0, "thinking_text": null, "has_tool_call": false, "tool_call": null, "usage": {"prompt_tokens": 165, "completion_tokens": 6, "total_tokens": 171, "token_count_source": "tokenizer"}, "decoding": {"temperature": 0.2, "top_p": null, "top_k": null, "max_tokens": 256, "seed": 42}, "prompt_tokens": 165, "completion_tokens": 6, "total_tokens": 171, "token_count_source": "tokenizer", "diffusion_steps": null, "flops_estimate": null, "flops_arch": null, "flops_model_params": null, "flops_active_params": null, "tokens_non_final": 3, "tokens_reasoning": 0, "tokens_response": 3, "elapsed_seconds": 0.19714069366455078, "judgement": "Exact math"}
{"id": "physics_estimate_000492", "topic": "physics_estimate", "subtopic": "fill_rate", "prompt": "A faucet fills 30 liters at about 7 liters per minute. About how many minutes does it take?", "exact_value": 4.285714285714286, "model": "qwen/qwen2.5-3b-instruct", "provider": "transformers", "response": "Final answer: 5", "numeric_answer": 5.0, "relative_error": 0.1666666666666667, "thinking_text": null, "has_tool_call": false, "tool_call": null, "usage": {"prompt_tokens": 165, "completion_tokens": 6, "total_tokens": 171, "token_count_source": "tokenizer"}, "decoding": {"temperature": 0.2, "top_p": null, "top_k": null, "max_tokens": 256, "seed": 42}, "prompt_tokens": 165, "completion_tokens": 6, "total_tokens": 171, "token_count_source": "tokenizer", "diffusion_steps": null, "flops_estimate": null, "flops_arch": null, "flops_model_params": null, "flops_active_params": null, "tokens_non_final": 3, "tokens_reasoning": 0, "tokens_response": 3, "elapsed_seconds": 0.20954346656799316, "judgement": "Good approximation"}
{"id": "physics_estimate_000512", "topic": "physics_estimate", "subtopic": "fill_rate", "prompt": "A faucet fills 20 liters at about 8 liters per minute. About how many minutes does it take?", "exact_value": 2.5, "model": "qwen/qwen2.5-3b-instruct", "provider": "transformers", "response": "Final answer: 3", "numeric_answer": 3.0, "relative_error": 0.2, "thinking_text": null, "has_tool_call": false, "tool_call": null, "usage": {"prompt_tokens": 165, "completion_tokens": 6, "total_tokens": 171, "token_count_source": "tokenizer"}, "decoding": {"temperature": 0.2, "top_p": null, "top_k": null, "max_tokens": 256, "seed": 42}, "prompt_tokens": 165, "completion_tokens": 6, "total_tokens": 171, "token_count_source": "tokenizer", "diffusion_steps": null, "flops_estimate": null, "flops_arch": null, "flops_model_params": null, "flops_active_params": null, "tokens_non_final": 3, "tokens_reasoning": 0, "tokens_response": 3, "elapsed_seconds": 0.21156620979309082, "judgement": "Good approximation"}
{"id": "physics_estimate_000532", "topic": "physics_estimate", "subtopic": "fill_rate", "prompt": "A faucet fills 50 liters at about 6 liters per minute. About how many minutes does it take?", "exact_value": 8.333333333333334, "model": "qwen/qwen2.5-3b-instruct", "provider": "transformers", "response": "Final answer: 2", "numeric_answer": 2.0, "relative_error": 0.76, "thinking_text": null, "has_tool_call": false, "tool_call": null, "usage": {"prompt_tokens": 165, "completion_tokens": 6, "total_tokens": 171, "token_count_source": "tokenizer"}, "decoding": {"temperature": 0.2, "top_p": null, "top_k": null, "max_tokens": 256, "seed": 42}, "prompt_tokens": 165, "completion_tokens": 6, "total_tokens": 171, "token_count_source": "tokenizer", "diffusion_steps": null, "flops_estimate": null, "flops_arch": null, "flops_model_params": null, "flops_active_params": null, "tokens_non_final": 3, "tokens_reasoning": 0, "tokens_response": 3, "elapsed_seconds": 0.2175607681274414, "judgement": "Way off"}
{"id": "physics_estimate_000552", "topic": "physics_estimate", "subtopic": "fill_rate", "prompt": "A faucet fills 40 liters at about 8 liters per minute. About how many minutes does it take?", "exact_value": 5.0, "model": "qwen/qwen2.5-3b-instruct", "provider": "transformers", "response": "Final answer: 5", "numeric_answer": 5.0, "relative_error": 0.0, "thinking_text": null, "has_tool_call": false, "tool_call": null, "usage": {"prompt_tokens": 165, "completion_tokens": 6, "total_tokens": 171, "token_count_source": "tokenizer"}, "decoding": {"temperature": 0.2, "top_p": null, "top_k": null, "max_tokens": 256, "seed": 42}, "prompt_tokens": 165, "completion_tokens": 6, "total_tokens": 171, "token_count_source": "tokenizer", "diffusion_steps": null, "flops_estimate": null, "flops_arch": null, "flops_model_params": null, "flops_active_params": null, "tokens_non_final": 3, "tokens_reasoning": 0, "tokens_response": 3, "elapsed_seconds": 0.20996451377868652, "judgement": "Exact math"}
{"id": "physics_estimate_000572", "topic": "physics_estimate", "subtopic": "fill_rate", "prompt": "A faucet fills 30 liters at about 8 liters per minute. About how many minutes does it take?", "exact_value": 3.75, "model": "qwen/qwen2.5-3b-instruct", "provider": "transformers", "response": "Final answer: 5", "numeric_answer": 5.0, "relative_error": 0.3333333333333333, "thinking_text": null, "has_tool_call": false, "tool_call": null, "usage": {"prompt_tokens": 165, "completion_tokens": 6, "total_tokens": 171, "token_count_source": "tokenizer"}, "decoding": {"temperature": 0.2, "top_p": null, "top_k": null, "max_tokens": 256, "seed": 42}, "prompt_tokens": 165, "completion_tokens": 6, "total_tokens": 171, "token_count_source": "tokenizer", "diffusion_steps": null, "flops_estimate": null, "flops_arch": null, "flops_model_params": null, "flops_active_params": null, "tokens_non_final": 3, "tokens_reasoning": 0, "tokens_response": 3, "elapsed_seconds": 0.2080216407775879, "judgement": "Mildly off"}
{"id": "physics_estimate_000592", "topic": "physics_estimate", "subtopic": "fill_rate", "prompt": "A faucet fills 30 liters at about 6 liters per minute. About how many minutes does it take?", "exact_value": 5.0, "model": "qwen/qwen2.5-3b-instruct", "provider": "transformers", "response": "Final answer: 2", "numeric_answer": 2.0, "relative_error": 0.6, "thinking_text": null, "has_tool_call": false, "tool_call": null, "usage": {"prompt_tokens": 165, "completion_tokens": 6, "total_tokens": 171, "token_count_source": "tokenizer"}, "decoding": {"temperature": 0.2, "top_p": null, "top_k": null, "max_tokens": 256, "seed": 42}, "prompt_tokens": 165, "completion_tokens": 6, "total_tokens": 171, "token_count_source": "tokenizer", "diffusion_steps": null, "flops_estimate": null, "flops_arch": null, "flops_model_params": null, "flops_active_params": null, "tokens_non_final": 3, "tokens_reasoning": 0, "tokens_response": 3, "elapsed_seconds": 0.21404623985290527, "judgement": "Mildly off"}
{"id": "physics_estimate_000612", "topic": "physics_estimate", "subtopic": "fill_rate", "prompt": "A faucet fills 20 liters at about 6 liters per minute. About how many minutes does it take?", "exact_value": 3.3333333333333335, "model": "qwen/qwen2.5-3b-instruct", "provider": "transformers", "response": "Final answer: 3", "numeric_answer": 3.0, "relative_error": 0.10000000000000003, "thinking_text": null, "has_tool_call": false, "tool_call": null, "usage": {"prompt_tokens": 165, "completion_tokens": 6, "total_tokens": 171, "token_count_source": "tokenizer"}, "decoding": {"temperature": 0.2, "top_p": null, "top_k": null, "max_tokens": 256, "seed": 42}, "prompt_tokens": 165, "completion_tokens": 6, "total_tokens": 171, "token_count_source": "tokenizer", "diffusion_steps": null, "flops_estimate": null, "flops_arch": null, "flops_model_params": null, "flops_active_params": null, "tokens_non_final": 3, "tokens_reasoning": 0, "tokens_response": 3, "elapsed_seconds": 0.20287680625915527, "judgement": "Good approximation"}
{"id": "physics_estimate_000632", "topic": "physics_estimate", "subtopic": "fill_rate", "prompt": "A faucet fills 10 liters at about 7 liters per minute. About how many minutes does it take?", "exact_value": 1.4285714285714286, "model": "qwen/qwen2.5-3b-instruct", "provider": "transformers", "response": "Final answer: 3", "numeric_answer": 3.0, "relative_error": 1.0999999999999999, "thinking_text": null, "has_tool_call": false, "tool_call": null, "usage": {"prompt_tokens": 165, "completion_tokens": 6, "total_tokens": 171, "token_count_source": "tokenizer"}, "decoding": {"temperature": 0.2, "top_p": null, "top_k": null, "max_tokens": 256, "seed": 42}, "prompt_tokens": 165, "completion_tokens": 6, "total_tokens": 171, "token_count_source": "tokenizer", "diffusion_steps": null, "flops_estimate": null, "flops_arch": null, "flops_model_params": null, "flops_active_params": null, "tokens_non_final": 3, "tokens_reasoning": 0, "tokens_response": 3, "elapsed_seconds": 0.21355533599853516, "judgement": "Way off"}
{"id": "physics_estimate_000652", "topic": "physics_estimate", "subtopic": "fill_rate", "prompt": "A faucet fills 30 liters at about 6 liters per minute. About how many minutes does it take?", "exact_value": 5.0, "model": "qwen/qwen2.5-3b-instruct", "provider": "transformers", "response": "Final answer: 20", "numeric_answer": 20.0, "relative_error": 3.0, "thinking_text": null, "has_tool_call": false, "tool_call": null, "usage": {"prompt_tokens": 165, "completion_tokens": 7, "total_tokens": 172, "token_count_source": "tokenizer"}, "decoding": {"temperature": 0.2, "top_p": null, "top_k": null, "max_tokens": 256, "seed": 42}, "prompt_tokens": 165, "completion_tokens": 7, "total_tokens": 172, "token_count_source": "tokenizer", "diffusion_steps": null, "flops_estimate": null, "flops_arch": null, "flops_model_params": null, "flops_active_params": null, "tokens_non_final": 3, "tokens_reasoning": 0, "tokens_response": 3, "elapsed_seconds": 0.24498510360717773, "judgement": "Way off"}
{"id": "physics_estimate_000672", "topic": "physics_estimate", "subtopic": "fill_rate", "prompt": "A faucet fills 10 liters at about 7 liters per minute. About how many minutes does it take?", "exact_value": 1.4285714285714286, "model": "qwen/qwen2.5-3b-instruct", "provider": "transformers", "response": "Final answer: 3", "numeric_answer": 3.0, "relative_error": 1.0999999999999999, "thinking_text": null, "has_tool_call": false, "tool_call": null, "usage": {"prompt_tokens": 165, "completion_tokens": 6, "total_tokens": 171, "token_count_source": "tokenizer"}, "decoding": {"temperature": 0.2, "top_p": null, "top_k": null, "max_tokens": 256, "seed": 42}, "prompt_tokens": 165, "completion_tokens": 6, "total_tokens": 171, "token_count_source": "tokenizer", "diffusion_steps": null, "flops_estimate": null, "flops_arch": null, "flops_model_params": null, "flops_active_params": null, "tokens_non_final": 3, "tokens_reasoning": 0, "tokens_response": 3, "elapsed_seconds": 0.1995382308959961, "judgement": "Way off"}
{"id": "physics_estimate_000692", "topic": "physics_estimate", "subtopic": "fill_rate", "prompt": "A faucet fills 50 liters at about 6 liters per minute. About how many minutes does it take?", "exact_value": 8.333333333333334, "model": "qwen/qwen2.5-3b-instruct", "provider": "transformers", "response": "Final answer: 2", "numeric_answer": 2.0, "relative_error": 0.76, "thinking_text": null, "has_tool_call": false, "tool_call": null, "usage": {"prompt_tokens": 165, "completion_tokens": 6, "total_tokens": 171, "token_count_source": "tokenizer"}, "decoding": {"temperature": 0.2, "top_p": null, "top_k": null, "max_tokens": 256, "seed": 42}, "prompt_tokens": 165, "completion_tokens": 6, "total_tokens": 171, "token_count_source": "tokenizer", "diffusion_steps": null, "flops_estimate": null, "flops_arch": null, "flops_model_params": null, "flops_active_params": null, "tokens_non_final": 3, "tokens_reasoning": 0, "tokens_response": 3, "elapsed_seconds": 0.21387648582458496, "judgement": "Way off"}
{"id": "physics_estimate_000712", "topic": "physics_estimate", "subtopic": "fill_rate", "prompt": "A faucet fills 15 liters at about 7 liters per minute. About how many minutes does it take?", "exact_value": 2.142857142857143, "model": "qwen/qwen2.5-3b-instruct", "provider": "transformers", "response": "Final answer: 3", "numeric_answer": 3.0, "relative_error": 0.4, "thinking_text": null, "has_tool_call": false, "tool_call": null, "usage": {"prompt_tokens": 165, "completion_tokens": 6, "total_tokens": 171, "token_count_source": "tokenizer"}, "decoding": {"temperature": 0.2, "top_p": null, "top_k": null, "max_tokens": 256, "seed": 42}, "prompt_tokens": 165, "completion_tokens": 6, "total_tokens": 171, "token_count_source": "tokenizer", "diffusion_steps": null, "flops_estimate": null, "flops_arch": null, "flops_model_params": null, "flops_active_params": null, "tokens_non_final": 3, "tokens_reasoning": 0, "tokens_response": 3, "elapsed_seconds": 0.2047429084777832, "judgement": "Mildly off"}
{"id": "physics_estimate_000732", "topic": "physics_estimate", "subtopic": "fill_rate", "prompt": "A faucet fills 30 liters at about 7 liters per minute. About how many minutes does it take?", "exact_value": 4.285714285714286, "model": "qwen/qwen2.5-3b-instruct", "provider": "transformers", "response": "Final answer: 5", "numeric_answer": 5.0, "relative_error": 0.1666666666666667, "thinking_text": null, "has_tool_call": false, "tool_call": null, "usage": {"prompt_tokens": 165, "completion_tokens": 6, "total_tokens": 171, "token_count_source": "tokenizer"}, "decoding": {"temperature": 0.2, "top_p": null, "top_k": null, "max_tokens": 256, "seed": 42}, "prompt_tokens": 165, "completion_tokens": 6, "total_tokens": 171, "token_count_source": "tokenizer", "diffusion_steps": null, "flops_estimate": null, "flops_arch": null, "flops_model_params": null, "flops_active_params": null, "tokens_non_final": 3, "tokens_reasoning": 0, "tokens_response": 3, "elapsed_seconds": 0.19511127471923828, "judgement": "Good approximation"}
{"id": "physics_estimate_000752", "topic": "physics_estimate", "subtopic": "fill_rate", "prompt": "A faucet fills 15 liters at about 7 liters per minute. About how many minutes does it take?", "exact_value": 2.142857142857143, "model": "qwen/qwen2.5-3b-instruct", "provider": "transformers", "response": "Final answer: 3", "numeric_answer": 3.0, "relative_error": 0.4, "thinking_text": null, "has_tool_call": false, "tool_call": null, "usage": {"prompt_tokens": 165, "completion_tokens": 6, "total_tokens": 171, "token_count_source": "tokenizer"}, "decoding": {"temperature": 0.2, "top_p": null, "top_k": null, "max_tokens": 256, "seed": 42}, "prompt_tokens": 165, "completion_tokens": 6, "total_tokens": 171, "token_count_source": "tokenizer", "diffusion_steps": null, "flops_estimate": null, "flops_arch": null, "flops_model_params": null, "flops_active_params": null, "tokens_non_final": 3, "tokens_reasoning": 0, "tokens_response": 3, "elapsed_seconds": 0.20945525169372559, "judgement": "Mildly off"}
{"id": "physics_estimate_000772", "topic": "physics_estimate", "subtopic": "fill_rate", "prompt": "A faucet fills 20 liters at about 6 liters per minute. About how many minutes does it take?", "exact_value": 3.3333333333333335, "model": "qwen/qwen2.5-3b-instruct", "provider": "transformers", "response": "Final answer: 3", "numeric_answer": 3.0, "relative_error": 0.10000000000000003, "thinking_text": null, "has_tool_call": false, "tool_call": null, "usage": {"prompt_tokens": 165, "completion_tokens": 6, "total_tokens": 171, "token_count_source": "tokenizer"}, "decoding": {"temperature": 0.2, "top_p": null, "top_k": null, "max_tokens": 256, "seed": 42}, "prompt_tokens": 165, "completion_tokens": 6, "total_tokens": 171, "token_count_source": "tokenizer", "diffusion_steps": null, "flops_estimate": null, "flops_arch": null, "flops_model_params": null, "flops_active_params": null, "tokens_non_final": 3, "tokens_reasoning": 0, "tokens_response": 3, "elapsed_seconds": 0.21022963523864746, "judgement": "Good approximation"}
{"id": "physics_estimate_000792", "topic": "physics_estimate", "subtopic": "fill_rate", "prompt": "A faucet fills 15 liters at about 5 liters per minute. About how many minutes does it take?", "exact_value": 3.0, "model": "qwen/qwen2.5-3b-instruct", "provider": "transformers", "response": "Final answer: 4", "numeric_answer": 4.0, "relative_error": 0.3333333333333333, "thinking_text": null, "has_tool_call": false, "tool_call": null, "usage": {"prompt_tokens": 165, "completion_tokens": 6, "total_tokens": 171, "token_count_source": "tokenizer"}, "decoding": {"temperature": 0.2, "top_p": null, "top_k": null, "max_tokens": 256, "seed": 42}, "prompt_tokens": 165, "completion_tokens": 6, "total_tokens": 171, "token_count_source": "tokenizer", "diffusion_steps": null, "flops_estimate": null, "flops_arch": null, "flops_model_params": null, "flops_active_params": null, "tokens_non_final": 3, "tokens_reasoning": 0, "tokens_response": 3, "elapsed_seconds": 0.1937730312347412, "judgement": "Mildly off"}
{"id": "physics_estimate_000812", "topic": "physics_estimate", "subtopic": "fill_rate", "prompt": "A faucet fills 40 liters at about 7 liters per minute. About how many minutes does it take?", "exact_value": 5.714285714285714, "model": "qwen/qwen2.5-3b-instruct", "provider": "transformers", "response": "Final answer: 3", "numeric_answer": 3.0, "relative_error": 0.47500000000000003, "thinking_text": null, "has_tool_call": false, "tool_call": null, "usage": {"prompt_tokens": 165, "completion_tokens": 6, "total_tokens": 171, "token_count_source": "tokenizer"}, "decoding": {"temperature": 0.2, "top_p": null, "top_k": null, "max_tokens": 256, "seed": 42}, "prompt_tokens": 165, "completion_tokens": 6, "total_tokens": 171, "token_count_source": "tokenizer", "diffusion_steps": null, "flops_estimate": null, "flops_arch": null, "flops_model_params": null, "flops_active_params": null, "tokens_non_final": 3, "tokens_reasoning": 0, "tokens_response": 3, "elapsed_seconds": 0.21108365058898926, "judgement": "Mildly off"}
{"id": "physics_estimate_000832", "topic": "physics_estimate", "subtopic": "fill_rate", "prompt": "A faucet fills 15 liters at about 4 liters per minute. About how many minutes does it take?", "exact_value": 3.75, "model": "qwen/qwen2.5-3b-instruct", "provider": "transformers", "response": "Final answer: 5", "numeric_answer": 5.0, "relative_error": 0.3333333333333333, "thinking_text": null, "has_tool_call": false, "tool_call": null, "usage": {"prompt_tokens": 165, "completion_tokens": 6, "total_tokens": 171, "token_count_source": "tokenizer"}, "decoding": {"temperature": 0.2, "top_p": null, "top_k": null, "max_tokens": 256, "seed": 42}, "prompt_tokens": 165, "completion_tokens": 6, "total_tokens": 171, "token_count_source": "tokenizer", "diffusion_steps": null, "flops_estimate": null, "flops_arch": null, "flops_model_params": null, "flops_active_params": null, "tokens_non_final": 3, "tokens_reasoning": 0, "tokens_response": 3, "elapsed_seconds": 0.21559476852416992, "judgement": "Mildly off"}
{"id": "physics_estimate_000852", "topic": "physics_estimate", "subtopic": "fill_rate", "prompt": "A faucet fills 10 liters at about 6 liters per minute. About how many minutes does it take?", "exact_value": 1.6666666666666667, "model": "qwen/qwen2.5-3b-instruct", "provider": "transformers", "response": "Final answer: 3", "numeric_answer": 3.0, "relative_error": 0.7999999999999999, "thinking_text": null, "has_tool_call": false, "tool_call": null, "usage": {"prompt_tokens": 165, "completion_tokens": 6, "total_tokens": 171, "token_count_source": "tokenizer"}, "decoding": {"temperature": 0.2, "top_p": null, "top_k": null, "max_tokens": 256, "seed": 42}, "prompt_tokens": 165, "completion_tokens": 6, "total_tokens": 171, "token_count_source": "tokenizer", "diffusion_steps": null, "flops_estimate": null, "flops_arch": null, "flops_model_params": null, "flops_active_params": null, "tokens_non_final": 3, "tokens_reasoning": 0, "tokens_response": 3, "elapsed_seconds": 0.20769643783569336, "judgement": "Way off"}
{"id": "physics_estimate_000872", "topic": "physics_estimate", "subtopic": "fill_rate", "prompt": "A faucet fills 30 liters at about 7 liters per minute. About how many minutes does it take?", "exact_value": 4.285714285714286, "model": "qwen/qwen2.5-3b-instruct", "provider": "transformers", "response": "Final answer: 5", "numeric_answer": 5.0, "relative_error": 0.1666666666666667, "thinking_text": null, "has_tool_call": false, "tool_call": null, "usage": {"prompt_tokens": 165, "completion_tokens": 6, "total_tokens": 171, "token_count_source": "tokenizer"}, "decoding": {"temperature": 0.2, "top_p": null, "top_k": null, "max_tokens": 256, "seed": 42}, "prompt_tokens": 165, "completion_tokens": 6, "total_tokens": 171, "token_count_source": "tokenizer", "diffusion_steps": null, "flops_estimate": null, "flops_arch": null, "flops_model_params": null, "flops_active_params": null, "tokens_non_final": 3, "tokens_reasoning": 0, "tokens_response": 3, "elapsed_seconds": 0.20437383651733398, "judgement": "Good approximation"}
{"id": "physics_estimate_000892", "topic": "physics_estimate", "subtopic": "fill_rate", "prompt": "A faucet fills 15 liters at about 4 liters per minute. About how many minutes does it take?", "exact_value": 3.75, "model": "qwen/qwen2.5-3b-instruct", "provider": "transformers", "response": "Final answer: 5", "numeric_answer": 5.0, "relative_error": 0.3333333333333333, "thinking_text": null, "has_tool_call": false, "tool_call": null, "usage": {"prompt_tokens": 165, "completion_tokens": 6, "total_tokens": 171, "token_count_source": "tokenizer"}, "decoding": {"temperature": 0.2, "top_p": null, "top_k": null, "max_tokens": 256, "seed": 42}, "prompt_tokens": 165, "completion_tokens": 6, "total_tokens": 171, "token_count_source": "tokenizer", "diffusion_steps": null, "flops_estimate": null, "flops_arch": null, "flops_model_params": null, "flops_active_params": null, "tokens_non_final": 3, "tokens_reasoning": 0, "tokens_response": 3, "elapsed_seconds": 0.21492910385131836, "judgement": "Mildly off"}
{"id": "physics_estimate_000912", "topic": "physics_estimate", "subtopic": "fill_rate", "prompt": "A faucet fills 30 liters at about 8 liters per minute. About how many minutes does it take?", "exact_value": 3.75, "model": "qwen/qwen2.5-3b-instruct", "provider": "transformers", "response": "Final answer: 5", "numeric_answer": 5.0, "relative_error": 0.3333333333333333, "thinking_text": null, "has_tool_call": false, "tool_call": null, "usage": {"prompt_tokens": 165, "completion_tokens": 6, "total_tokens": 171, "token_count_source": "tokenizer"}, "decoding": {"temperature": 0.2, "top_p": null, "top_k": null, "max_tokens": 256, "seed": 42}, "prompt_tokens": 165, "completion_tokens": 6, "total_tokens": 171, "token_count_source": "tokenizer", "diffusion_steps": null, "flops_estimate": null, "flops_arch": null, "flops_model_params": null, "flops_active_params": null, "tokens_non_final": 3, "tokens_reasoning": 0, "tokens_response": 3, "elapsed_seconds": 0.20282387733459473, "judgement": "Mildly off"}
{"id": "physics_estimate_000932", "topic": "physics_estimate", "subtopic": "fill_rate", "prompt": "A faucet fills 30 liters at about 6 liters per minute. About how many minutes does it take?", "exact_value": 5.0, "model": "qwen/qwen2.5-3b-instruct", "provider": "transformers", "response": "Final answer: 2", "numeric_answer": 2.0, "relative_error": 0.6, "thinking_text": null, "has_tool_call": false, "tool_call": null, "usage": {"prompt_tokens": 165, "completion_tokens": 6, "total_tokens": 171, "token_count_source": "tokenizer"}, "decoding": {"temperature": 0.2, "top_p": null, "top_k": null, "max_tokens": 256, "seed": 42}, "prompt_tokens": 165, "completion_tokens": 6, "total_tokens": 171, "token_count_source": "tokenizer", "diffusion_steps": null, "flops_estimate": null, "flops_arch": null, "flops_model_params": null, "flops_active_params": null, "tokens_non_final": 3, "tokens_reasoning": 0, "tokens_response": 3, "elapsed_seconds": 0.20760726928710938, "judgement": "Mildly off"}
{"id": "physics_estimate_000952", "topic": "physics_estimate", "subtopic": "fill_rate", "prompt": "A faucet fills 40 liters at about 6 liters per minute. About how many minutes does it take?", "exact_value": 6.666666666666667, "model": "qwen/qwen2.5-3b-instruct", "provider": "transformers", "response": "Final answer: 20", "numeric_answer": 20.0, "relative_error": 1.9999999999999998, "thinking_text": null, "has_tool_call": false, "tool_call": null, "usage": {"prompt_tokens": 165, "completion_tokens": 7, "total_tokens": 172, "token_count_source": "tokenizer"}, "decoding": {"temperature": 0.2, "top_p": null, "top_k": null, "max_tokens": 256, "seed": 42}, "prompt_tokens": 165, "completion_tokens": 7, "total_tokens": 172, "token_count_source": "tokenizer", "diffusion_steps": null, "flops_estimate": null, "flops_arch": null, "flops_model_params": null, "flops_active_params": null, "tokens_non_final": 3, "tokens_reasoning": 0, "tokens_response": 3, "elapsed_seconds": 0.23918581008911133, "judgement": "Way off"}
{"id": "physics_estimate_000972", "topic": "physics_estimate", "subtopic": "fill_rate", "prompt": "A faucet fills 10 liters at about 8 liters per minute. About how many minutes does it take?", "exact_value": 1.25, "model": "qwen/qwen2.5-3b-instruct", "provider": "transformers", "response": "Final answer: 4", "numeric_answer": 4.0, "relative_error": 2.2, "thinking_text": null, "has_tool_call": false, "tool_call": null, "usage": {"prompt_tokens": 165, "completion_tokens": 6, "total_tokens": 171, "token_count_source": "tokenizer"}, "decoding": {"temperature": 0.2, "top_p": null, "top_k": null, "max_tokens": 256, "seed": 42}, "prompt_tokens": 165, "completion_tokens": 6, "total_tokens": 171, "token_count_source": "tokenizer", "diffusion_steps": null, "flops_estimate": null, "flops_arch": null, "flops_model_params": null, "flops_active_params": null, "tokens_non_final": 3, "tokens_reasoning": 0, "tokens_response": 3, "elapsed_seconds": 0.2065269947052002, "judgement": "Way off"}
{"id": "physics_estimate_000992", "topic": "physics_estimate", "subtopic": "fill_rate", "prompt": "A faucet fills 20 liters at about 4 liters per minute. About how many minutes does it take?", "exact_value": 5.0, "model": "qwen/qwen2.5-3b-instruct", "provider": "transformers", "response": "Final answer: 3", "numeric_answer": 3.0, "relative_error": 0.4, "thinking_text": null, "has_tool_call": false, "tool_call": null, "usage": {"prompt_tokens": 165, "completion_tokens": 6, "total_tokens": 171, "token_count_source": "tokenizer"}, "decoding": {"temperature": 0.2, "top_p": null, "top_k": null, "max_tokens": 256, "seed": 42}, "prompt_tokens": 165, "completion_tokens": 6, "total_tokens": 171, "token_count_source": "tokenizer", "diffusion_steps": null, "flops_estimate": null, "flops_arch": null, "flops_model_params": null, "flops_active_params": null, "tokens_non_final": 3, "tokens_reasoning": 0, "tokens_response": 3, "elapsed_seconds": 0.20894718170166016, "judgement": "Mildly off"}
{"id": "physics_estimate_001012", "topic": "physics_estimate", "subtopic": "fill_rate", "prompt": "A faucet fills 10 liters at about 6 liters per minute. About how many minutes does it take?", "exact_value": 1.6666666666666667, "model": "qwen/qwen2.5-3b-instruct", "provider": "transformers", "response": "Final answer: 2", "numeric_answer": 2.0, "relative_error": 0.19999999999999996, "thinking_text": null, "has_tool_call": false, "tool_call": null, "usage": {"prompt_tokens": 165, "completion_tokens": 6, "total_tokens": 171, "token_count_source": "tokenizer"}, "decoding": {"temperature": 0.2, "top_p": null, "top_k": null, "max_tokens": 256, "seed": 42}, "prompt_tokens": 165, "completion_tokens": 6, "total_tokens": 171, "token_count_source": "tokenizer", "diffusion_steps": null, "flops_estimate": null, "flops_arch": null, "flops_model_params": null, "flops_active_params": null, "tokens_non_final": 3, "tokens_reasoning": 0, "tokens_response": 3, "elapsed_seconds": 0.20444822311401367, "judgement": "Good approximation"}
{"id": "physics_estimate_001032", "topic": "physics_estimate", "subtopic": "fill_rate", "prompt": "A faucet fills 30 liters at about 6 liters per minute. About how many minutes does it take?", "exact_value": 5.0, "model": "qwen/qwen2.5-3b-instruct", "provider": "transformers", "response": "Final answer: 2", "numeric_answer": 2.0, "relative_error": 0.6, "thinking_text": null, "has_tool_call": false, "tool_call": null, "usage": {"prompt_tokens": 165, "completion_tokens": 6, "total_tokens": 171, "token_count_source": "tokenizer"}, "decoding": {"temperature": 0.2, "top_p": null, "top_k": null, "max_tokens": 256, "seed": 42}, "prompt_tokens": 165, "completion_tokens": 6, "total_tokens": 171, "token_count_source": "tokenizer", "diffusion_steps": null, "flops_estimate": null, "flops_arch": null, "flops_model_params": null, "flops_active_params": null, "tokens_non_final": 3, "tokens_reasoning": 0, "tokens_response": 3, "elapsed_seconds": 0.2106931209564209, "judgement": "Mildly off"}
{"id": "physics_estimate_001052", "topic": "physics_estimate", "subtopic": "fill_rate", "prompt": "A faucet fills 10 liters at about 5 liters per minute. About how many minutes does it take?", "exact_value": 2.0, "model": "qwen/qwen2.5-3b-instruct", "provider": "transformers", "response": "Final answer: 4", "numeric_answer": 4.0, "relative_error": 1.0, "thinking_text": null, "has_tool_call": false, "tool_call": null, "usage": {"prompt_tokens": 165, "completion_tokens": 6, "total_tokens": 171, "token_count_source": "tokenizer"}, "decoding": {"temperature": 0.2, "top_p": null, "top_k": null, "max_tokens": 256, "seed": 42}, "prompt_tokens": 165, "completion_tokens": 6, "total_tokens": 171, "token_count_source": "tokenizer", "diffusion_steps": null, "flops_estimate": null, "flops_arch": null, "flops_model_params": null, "flops_active_params": null, "tokens_non_final": 3, "tokens_reasoning": 0, "tokens_response": 3, "elapsed_seconds": 0.20420265197753906, "judgement": "Way off"}
{"summary": {"samples": 500, "judgement_counts": {"Way off": 370, "Mildly off": 71, "Good approximation": 55, "Exact math": 4}, "count_good_approximation": 55, "count_exact_math": 4, "count_mildly_off": 71, "count_way_off": 370, "good_approximation_rate": 0.11, "exact_math_rate": 0.008, "good_approximation_rate_ci_95": [0.08549101658817661, 0.140456185865928], "exact_math_rate_ci_95": [0.003115264797507788, 0.020387359836901122], "counts_by_topic": {"basket_sum": {"n": 86, "count_good_approximation": 0, "count_exact_math": 0, "count_mildly_off": 5, "count_way_off": 81}, "discounts": {"n": 85, "count_good_approximation": 1, "count_exact_math": 0, "count_mildly_off": 7, "count_way_off": 77}, "taxes": {"n": 61, "count_good_approximation": 0, "count_exact_math": 0, "count_mildly_off": 3, "count_way_off": 58}, "units": {"n": 61, "count_good_approximation": 6, "count_exact_math": 0, "count_mildly_off": 18, "count_way_off": 37}, "tips": {"n": 61, "count_good_approximation": 24, "count_exact_math": 0, "count_mildly_off": 8, "count_way_off": 29}, "fermi": {"n": 49, "count_good_approximation": 0, "count_exact_math": 0, "count_mildly_off": 0, "count_way_off": 49}, "travel_time": {"n": 49, "count_good_approximation": 15, "count_exact_math": 0, "count_mildly_off": 14, "count_way_off": 20}, "physics_estimate": {"n": 48, "count_good_approximation": 9, "count_exact_math": 4, "count_mildly_off": 16, "count_way_off": 19}}, "counts_by_subtopic": {"decimal_prices": {"n": 86, "count_good_approximation": 0, "count_exact_math": 0, "count_mildly_off": 5, "count_way_off": 81}, "buy_n_get_m": {"n": 14, "count_good_approximation": 0, "count_exact_math": 0, "count_mildly_off": 1, "count_way_off": 13}, "threshold": {"n": 22, "count_good_approximation": 0, "count_exact_math": 0, "count_mildly_off": 2, "count_way_off": 20}, "percent": {"n": 16, "count_good_approximation": 0, "count_exact_math": 0, "count_mildly_off": 3, "count_way_off": 13}, "stacked": {"n": 18, "count_good_approximation": 0, "count_exact_math": 0, "count_mildly_off": 0, "count_way_off": 18}, "bogo": {"n": 15, "count_good_approximation": 1, "count_exact_math": 0, "count_mildly_off": 1, "count_way_off": 13}, "pre_discount_tax": {"n": 25, "count_good_approximation": 0, "count_exact_math": 0, "count_mildly_off": 2, "count_way_off": 23}, "post_discount_tax": {"n": 36, "count_good_approximation": 0, "count_exact_math": 0, "count_mildly_off": 1, "count_way_off": 35}, "kg_g": {"n": 31, "count_good_approximation": 4, "count_exact_math": 0, "count_mildly_off": 11, "count_way_off": 16}, "lb_oz": {"n": 30, "count_good_approximation": 2, "count_exact_math": 0, "count_mildly_off": 7, "count_way_off": 21}, "tips_service": {"n": 61, "count_good_approximation": 24, "count_exact_math": 0, "count_mildly_off": 8, "count_way_off": 29}, "crowd_density": {"n": 49, "count_good_approximation": 0, "count_exact_math": 0, "count_mildly_off": 0, "count_way_off": 49}, "drive_time": {"n": 49, "count_good_approximation": 15, "count_exact_math": 0, "count_mildly_off": 14, "count_way_off": 20}, "fill_rate": {"n": 48, "count_good_approximation": 9, "count_exact_math": 4, "count_mildly_off": 16, "count_way_off": 19}}, "tool_call_count": 0, "avg_elapsed_seconds": 0.2261565432548523, "avg_tokens_non_final": 2.916, "avg_tokens_reasoning": 0.0, "avg_tokens": 2.916, "avg_completion_tokens": 6.568, "avg_prompt_tokens": 179.05, "avg_total_tokens": 185.618, "avg_flops_estimate": null, "token_counts_include_prompt": true, "token_count_sources": {"tokenizer": 500}, "avg_relative_error": 2.0245418014184238, "median_relative_error": 0.8320738874895046}}
